2412 3912
478 239 724 300 -Α-’
1029 247 1069 310 11

79 405 218 474 ἀπέκλινα
243 403 307 494 τὴν
334 409 580 495 πραγματείαν,
612 403 698 474 ἀλλὰ
731 409 791 492 τῆς
820 403 984 492 ἀληθείας
1015 406 1071 474 καὶ

39 565 41 570 ·
77 517 127 582 τοῦ
147 516 273 581 δικαίου
296 511 560 601 προνοούμενος,
583 504 633 581 ἀν
652 515 705 582 δεῖ
722 512 939 600 στοχάζεσθαι
959 523 1072 582 πᾶσαν

78 623 224 708 ίστορίαν,
248 623 382 708 πρῶτον
405 619 468 707 μὲν
490 621 722 701 ἐπιδείξασθαι
743 617 806 706 τῆν
829 621 976 706 ἐμαυτοῦ
1000 619 1071 689 διό·

79 753 168 812 νοιαν,
185 724 236 794 ότι
255 725 381 815 χρηστὴ
395 724 479 812 πρὸς
493 725 643 806 ἅπαντας
658 723 890 812 [ἀνθρύπους]
906 726 976 794 ἐστὶ
992 725 1073 806 τοῦς

76 831 207 919 ἀγαθοὺς
224 833 283 902 καλ
301 831 536 921 φιλοθεώρους
552 837 621 901 νῦν
644 837 757 901 καλοῦν
776 837 885 921 ἔργων
903 832 959 900 καλ
974 831 1070 920 μεγά-
1084 855 1097 896 ε

78 948 142 1008 λον·
170 945 282 1008 ἔπειτα
309 945 545 1028 χαριστηρίους
572 937 731 1027 ἀμοιβαῖς,
759 935 800 1019 ἀς
827 938 901 1026 ἐμοὶ
929 937 1073 1027 δύναμις

41 1060 66 1110 κο
79 1036 125 1132 ῆν,
142 1043 327 1115 ἀποδοῦναι
354 1051 396 1136 τῆ
417 1046 529 1132 πόλει,
561 1051 714 1126 παιδείας
736 1073 772 1115 τε
794 1046 993 1138 μεμνημένῳ
1015 1045 1072 1114 καλ

82 1157 134 1220 τόν
149 1150 260 1222 ἀλλων
278 1150 421 1239 ἀγαθοῖν
435 1151 527 1222 ὅσων
546 1151 719 1222 ἀπέλαυσα
734 1155 911 1241 διατρίψας
924 1155 962 1222 ἐν
976 1151 1071 1242 αύτῆ.

108 1345 110 1350 Ι
144 1261 216 1328 VII.
246 1257 484 1340 ’Λποδεδωκάς
506 1259 545 1329 δὲ
570 1258 632 1328 τὸν
661 1257 745 1348 ὑπὲρ
768 1263 826 1346 τῆς
847 1259 1073 1348 προαιρέσεως

72 1365 159 1452 λόγον
179 1371 227 1434 ἐτι
251 1367 418 1453 βούλομαι
439 1367 496 1434 καὶ
514 1367 676 1455 περὶτῶν
699 1362 865 1454 ἀφορμιῦν
883 1370 1000 1452 εἰπεῖν,
1018 1361 1072 1447 αλς
1086 1391 1112 1432 ιο

72 1472 247 1560 ἐχρησάμην
271 1470 319 1540 ὅτ’
341 1478 481 1560 ἔμελλον
500 1474 678 1560 ἐπιχειρεῖν
695 1477 736 1562 τῆ
755 1476 883 1562 γραφῆ·
907 1481 988 1553 ῖσως
1006 1471 1071 1562 γάρ

70 1582 98 1646 ολ
114 1579 405 1666 προανεγνωκότες
421 1577 628 1666 Ἰερύνυμον
647 1575 668 1667 ῆ
693 1585 835 1667 Τίμαιον
858 1574 879 1666 ῆ
896 1577 1072 1664 Πολύβιον

68 1679 166 1770 ῆτῦν
187 1683 302 1756 ἄλλων
324 1685 402 1755 τινά
425 1687 660 1774 συγγραφέων,
682 1684 767 1774 ῦπέρ
791 1676 840 1754 νῦν
864 1685 1072 1773 ἐποιησάμην

67 1791 157 1877 λόγον
179 1791 284 1884 ὀλίγῳ
305 1795 470 1882 πρότερον
491 1790 536 1873 ὥς
555 1792 821 1881 ἐπισεσυρκότων
843 1790 905 1879 τῆν
923 1791 1069 1880 γραφήν,

66 1897 159 1966 πολλὰ
179 1903 249 1968 τῶν
273 1895 330 1968 ὑπ’
356 1902 439 1987 ἐμοῦ
462 1900 688 1987 γραφομένων
713 1898 775 1986 οὐχ
798 1897 977 1985 εὑρηκότες
994 1895 1068 1985 παρ’
1086 1924 1111 1965 15

65 2005 193 2086 ἐκείνοις
238 2011 376 2094 κείμενα
421 2005 607 2094 σχεδιάζειν
651 2004 888 2092 υπολήψονταί
930 2032 970 2093 με
1015 2005 1071 2073 καὶ

66 2097 162 2180 πόθεν
185 2110 208 2198 ἡ
231 2111 364 2182 τούτων
374 2117 507 2200 ’γνῶσις
524 2117 572 2192 είς
590 2111 647 2199 ἐμὲ
665 2113 895 2198 παραγέγονεν
913 2108 1071 2194 ἀξιόσου·

65 2239 92 2284 σι
118 2228 253 2305 μαθεῖν.
303 2222 360 2286 ἵνα
388 2217 431 2306 δὴ
461 2218 504 2306 μὴ
540 2217 679 2304 τοιαύτη
711 2217 794 2299 δόξα
821 2222 974 2306 παραστῇ
1003 2237 1071 2285 τισι

64 2326 128 2413 περὶ
154 2327 258 2412 ἐμοῦ,
285 2327 420 2411 βέλτιον
447 2321 506 2411 ἀφ’
533 2315 582 2393 ὧν
611 2322 777 2413 ὡρμήθην
804 2323 917 2409 λόγων
948 2349 984 2390 τε
1014 2323 1071 2390 καλ

62 2428 366 2519 ὑπομνηματισμῶν
405 2445 585 2516 προειπεῖν.
649 2429 714 2518 ἐγὼ
754 2427 983 2508 καταπλεύσας
1023 2433 1071 2509 είς

62 2533 194 2606 Ἰταλίαν
217 2537 288 2626 ἅμα
310 2541 356 2630 τῷ
378 2541 612 2624 καταλυθῆναι
639 2537 702 2606 τὸν
729 2535 894 2623 ἐμφύλιον
921 2533 1071 2622 πόλεμον

29 2656 50 2706 ῖι
63 2640 118 2712 ὑπὸ
144 2649 209 2714 τοῦ
237 2648 416 2729 Σεβαστοῦ
445 2649 617 2730 Καίσαρος
649 2642 793 2730 ἑβδόμης
823 2642 878 2710 καὶ
911 2638 1070 2730 ὀγδοηκο-

63 2754 131 2837 στῆς
152 2751 211 2818 καὶ
235 2751 412 2837 ἑκατοστῆς
436 2747 645 2838 όλνμπιάδος
667 2751 847 2838 μεσούσης,
871 2747 1012 2816 καὶτὸν
1037 2749 1069 2829 ἐξ

1084 2492 1111 2532 20

64 2856 185 2924 ἐκείνου
208 2856 337 2944 χρόνον
365 2858 449 2925 ἐτῶν
477 2855 540 2926 δύο
567 2856 624 2924 καὶ
651 2864 757 2924 είκοσι
785 2857 880 2943 μέχρι
903 2858 965 2924 τοῦ
988 2878 1070 2942 παρ-

62 2963 148 3043 όντος
169 2961 358 3050 χωόμενον
377 2965 414 3030 ἐν
427 2959 536 3051 Ῥεόμη
556 2965 743 3048 διατρίψας,
762 2961 936 3031 διάλεκτόν
955 2986 989 3030 τε
1007 2957 1069 3046 τῆν
1083 2975 1109 3018 25

60 3062 237 3156 Ῥωμαῖκῆν
261 3066 419 3156 ἐκμαθιδν
441 3068 497 3176 καλ
519 3068 861 3182 γραμμάτωνκτῦν>
885 3069 1070 3156 ἐπιχωρίων

123 3235 139 3283 3
159 3225 375 3296 ἀποδείξασθαι
394 3246 416 3284 ο.
432 3226 543 3283 Ritsehl
591 3233 609 3281 4
623 3222 796 3297 ἀνθρώπους
810 3243 863 3283 om.
878 3227 900 3280 Β
960 3231 975 3278 ὅ
991 3227 1069 3292 φιλο-

61 3299 162 3382 θέωρος
179 3300 217 3384 Α,
236 3299 354 3384 Ηεὶελτε·
422 3305 437 3354 6
456 3293 502 3370 ἀς]
522 3295 560 3361 ἀς
577 3299 623 3353 vel
643 3293 705 3386 ὅση)
716 3297 838 3386 θχλθοτς
914 3300 930 3349 7
949 3292 1070 3380 δύνριμις

62 3373 268 3426 αντοποδουναι
287 3388 310 3428 ο.
321 3371 432 3426 thschl
447 3373 452 3439 Ι
467 3391 498 3426 τε
513 3369 600 3424 om.B
655 3376 672 3425 8
687 3367 893 3438 απηλανσαΒλ)
948 3369 982 3418 14
1000 3383 1070 3417 υπο-

21 3487 23 3516 »
63 3438 234 3508 σεῖ’)ῖῖότων
252 3441 360 3511 ΑΙτῆι
378 3443 488 3511 γραφ”ι
506 3441 553 3496 Ba
608 3446 641 3495 18
659 3436 695 3508 δὴ
715 3439 811 3494 om.B
844 3440 899 3518 „20
919 3432 1068 3515 almiqB!

63 3509 94 3573 ἓίε
111 3515 205 3568 om.A
260 3513 357 3567 τεκαὶ
377 3461 716 3580 εοῖοάκατοστῆςοω.Β
770 3513 804 3561 26
819 3524 874 3558 των
888 3502 951 3556 add.
967 3503 1069 3556 Re1ske
