2404 3918
469 211 636 262 ..p-

37 369 135 454 αίρει*
156 366 283 455 χρόνον
307 370 342 436 ἐκ
364 367 576 457 παρατάξεώς
603 395 638 439 τε
665 368 806 456 νικήσας
832 369 888 437 καὶ
917 366 974 437 διὰ
996 395 1061 438 τει-

36 480 206 561 χομαχίας
227 473 536 563 παραστησάμενος,
559 475 639 556 τούς
663 502 698 544 τε
721 472 865 556 ἁλόντας
890 472 992 545 οὐδὲν
1011 466 1060 544 ὧν

38 577 137 667 εἶχον
166 578 374 669 ἀφελόμενος
401 587 448 664 είς
471 580 603 670 Ῥοόμην
632 582 800 671 μητήγαγε
832 583 888 651 καὶ
915 587 974 670 τῆς
1000 581 1060 650 πό-

38 696 125 768 λεως
159 693 207 769 είς
236 687 444 776 κατασκευὴν
478 693 595 758 οίκιοόν
627 688 733 759 τόπον
765 689 956 778 ἀπεμέρισε·
988 692 1100 757 Με-3

40 798 187 864 ἂυλλίαν
219 821 254 864 τε
285 800 396 884 τριετῆ
428 794 556 885 χρόνον
584 793 650 864 ὑπὸ
677 811 748 876 τοῖς
776 802 935 876 Λατίνοις
964 815 1087 885 γενοῦ

41 904 151 990 μένην
178 905 224 994 τῷ
252 901 396 994 τετάρτῳ
424 908 591 991 κομίζεται
618 901 721 971 πάλιν
751 903 893 994 ἐνιαυτῷ
921 910 1061 983 πολλαῖς

41 1011 97 1078 καὶ
125 1008 285 1097 μεγάλαις
316 1008 614 1097 παραστησάμενος
646 1011 773 1098 μάχαις.
830 1011 885 1079 καὶ
919 1009 988 1097 μετ’
1020 1008 1061 1078 οὐ

7 1115 135 1186 αοπολὺ
157 1113 219 1204 τὴν
241 1121 436 1186 Φικαναίων
456 1119 546 1205 αίριλ
565 1115 681 1204 πόλιν,
704 1113 748 1205 ἣν
771 1123 871 1209 τρίτῳ
894 1115 1060 1205 πρότερον

47 1225 185 1316 ἐνιαυτῷ
216 1220 330 1310 λαβὼν
359 1221 440 1291 καθ’
473 1221 653 1311 ὁμολογίας
684 1224 740 1293 καὶ
771 1221 850 1304 τοὺς
886 1226 920 1306 ἐξ
957 1222 1061 1311 αὐτῆς

51 1328 191 1411 ἅπαντας
219 1335 266 1411 είς
284 1328 416 1419 Ῥοόμην
444 1329 657 1418 μεταγαγών,
685 1329 767 1399 ἄλλο
792 1331 830 1399 δὲ
851 1335 911 1418 τῆς
933 1331 1061 1411 πόλεως
1075 1349 1101 1390 10

50 1435 146 1506 οὐδὲν
172 1439 342 1523 κακώσας,
370 1438 612 1525 ἐπιεικέστερον
645 1442 774 1526 μᾶλλον
803 1434 824 1526 ἢ
853 1437 1060 1527 φρονιμώτε-

47 1571 107 1630 ρον
141 1548 234 1627 ἔόοξε
265 1543 500 1631 βουλεύεσθαι.
557 1541 719 1624 ἀποίκους
749 1544 814 1632 γὰρ
842 1543 1101 1614 άποστείλαν-4

45 1678 98 1731 τες
119 1656 167 1733 είς
188 1649 295 1740 αὐτὴν
319 1655 355 1720 oc
376 1658 518 1720 Λατῖνοι
547 1651 603 1720 καί
629 1649 691 1738 τὴν
715 1651 829 1741 χοόραν
853 1650 965 1721 αὐτῶν
990 1656 1061 1720 δια-

45 1761 237 1846 κατέχοντες
273 1757 370 1829 αότοὶ
405 1757 468 1846 τὴν
505 1761 573 1827 τῶν
609 1764 804 1827 Φικαναίων
842 1760 1061 1849 ἐκαρποῦντο,

46 1863 129 1933 ὥστε
155 1863 355 1954 ἠναγκάσθη
387 1864 489 1934 πάλιν
518 1862 536 1933 ὁ
565 1863 721 1953 Μάρκιος
750 1863 789 1934 τὸ
819 1864 979 1954 δεύτερον
1007 1867 1060 1934 ἐπὶ
1075 1883 1101 1924 1⁵

46 1970 106 2058 τὴν
134 1971 234 2041 πόλιν
262 1976 460 2061 στρατεῦσαι
486 1974 542 2041 καλ
576 1970 658 2060 μετὰ
684 1976 810 2058 πολλῆς
835 1977 1060 2060 πραγματείας

47 2081 160 2168 κύριος
182 2078 285 2168 αὐτῆς
306 2077 470 2161 καταστὰς
493 2082 663 2168 ἐμπρῆσαί
677 2105 713 2148 τε
735 2075 794 2159 τὰς
818 2083 924 2160 οίκίας
946 2076 1061 2147 καὶτὰ

47 2191 135 2273 τείχη
157 2185 376 2269 κατασκάψαι.

133 2295 335 2363 XXXVIIII.
358 2291 456 2362 Μετὰ
474 2297 574 2362 τοῦτο
598 2297 753 2380 γίνονται
771 2296 928 2361 Λατίνων
951 2293 1061 2361 τεκαὶ

45 2395 214 2488 Ῥωμαίων
247 2399 406 2488 μεγάλαις
438 2400 603 2488 δυνάμεσι
635 2401 920 2487 παραταξαμένων
957 2398 1060 2486 μάχαι
1073 2424 1100 2465 κο

51 2510 161 2578 διτταί.
201 2511 242 2596 τῇ
262 2507 323 2595 μὲν
344 2498 407 2576 οὖν
425 2508 572 2596 προτέρη
589 2507 685 2596 μέχρι
707 2511 836 2576 πολλοῦ
860 2505 1061 2593 διαγωνισά-

51 2637 142 2698 μενοι
161 2614 219 2682 καὶ
249 2613 407 2695 δόξαντες
434 2613 611 2704 ἰσόρροποι
638 2616 814 2700 γεγονέναι
839 2617 1060 2701 διεκρόθησαν

50 2711 103 2786 κἰιὶ
128 2722 181 2790 ἐπὶ
207 2719 287 2801 τοὺς
315 2724 425 2800 ίόίους
458 2720 607 2808 ἑκάτεροι
635 2719 782 2807 χάρακας
808 2715 1061 2806 ἀπηλλάγησαν,

52 2829 88 2913 τῇ
106 2825 136 2895 3'
156 2826 280 2918 ὑστέρα
292 2825 450 2917 Ῥωμαῖοι
470 2830 589 2896 νικῶσι
608 2823 687 2906 τοὺς
706 2831 876 2907 Λατίνους
893 2827 949 2895 καὶ
966 2829 1061 2916 μέχρι

118 3067 133 3115 3
157 3055 316 3132 μετήγαγεν
341 3056 373 3115 ἐκ
396 3060 447 3130 τῆς
469 3061 495 3113 Α
576 3063 592 3112 8
618 3059 780 3112 Φικαναίων
804 3057 966 3128 Sohwegler
989 3057 1060 3114 nist.

55 3147 115 3187 rom.
133 3133 147 3186 I
164 3151 194 3203 p.
209 3139 261 3187 600
279 3135 338 3188 not.
358 3133 519 3201 φιὸηναίων
537 3127 616 3185 BbR
633 3130 810 3255 ιρειὸηναίων
826 3131 873 3184 Ba
893 3131 1061 3198 Φηκηναίων

57 3201 177 3272 Sigonius
197 3202 234 3258 ad
252 3202 313 3259 Liv.
334 3203 354 3270 I,
373 3210 408 3258 33
482 3208 516 3257 10
534 3196 639 3256 άλλοὸ
679 3195 731 3268 τὴν
755 3196 840 3256 πόλιν
859 3201 980 3257 Sintenis
998 3199 1060 3255 Em.

56 3271 127 3330 Dion.
144 3276 172 3330 Π
189 3291 218 3345 p.
229 3278 263 3330 25
330 3279 363 3328 12
383 3270 516 3337 ἐποίκους
535 3290 558 3328 ο.
577 3270 700 3328 Sintenis
718 3272 736 3328 l.
755 3272 775 3329 l.
841 3278 873 3328 13
884 3267 980 3326 αὐτῶν
1000 3269 1060 3325 ίδία

56 3343 211 3416 κατέχοντες
231 3363 253 3400 ο.
273 3345 382 3401 Βοίελτο
396 3341 490 3416 χάραν
509 3340 549 3399 δι’
567 3339 663 3399 αότων
681 3342 848 3413 κατέχοντες
868 3325 1060 3398 Sintenisl.1.

58 3422 86 3469 14
103 3419 275 3488 Φικαναίων]
296 3415 331 3474 cf.
346 3434 372 3472 v.
388 3423 404 3472 8
470 3422 505 3472 20
523 3417 611 3472 verba
629 3410 763 3486 μεγάλαις
782 3409 920 3486 δυνάμεσι
934 3433 1061 3484 παρατα-

58 3485 175 3557 ξαμένων
194 3507 249 3545 om.
268 3488 294 3542 A
366 3495 400 3544 22
420 3485 566 3558 ίοοόροιιοι
583 3487 606 3541 Β
