2404 3918
445 225 610 276 -Γ,

20 400 139 460 σαντος
163 382 296 448 ἐκείνου
318 383 377 467 τής
399 387 570 467 βασιλείας
592 379 658 450 ύπὸ
677 377 813 450 πάντων
832 379 925 462 άξιος
948 384 1033 469 ἐκρί-

20 497 73 572 θη.
119 485 237 574 ἐπειδή
270 487 307 555 δὲ
339 490 505 575 παρέλαβε
542 487 603 576 τήν
640 487 764 576 άρχήν,
800 492 934 576 πρῶτον
971 488 1033 576 μὲν

21 595 202 682 ἐπολέμησε
239 607 309 675 τοῖς
344 596 565 682 καλουμένοις
594 594 804 675 Ἀπιολανοῖς
841 594 937 665 πόλει
972 599 1034 664 τοῦ

23 707 175 768 Λατίνων
202 706 327 781 ἔθνους
355 697 417 770 ούκ
439 699 573 788 άφανεί.
619 705 654 770 οδ
678 700 743 790 γάρ
763 699 955 771 Ἀπιολανοὶ
976 703 1034 770 καὶ
1053 702 1074 766 2

24 810 53 875 οί
78 805 176 876 άλλοι
208 807 396 895 σύμπαντες
424 816 566 878 Λατῖνοι
598 807 678 896 μετά
706 807 768 878 τὸν
786 807 912 896 ’Ἀγκου
936 817 1061 896 Mae-⁵

24 919 92 981 κίον
114 913 273 984 θάνατον
296 914 459 984 λελύσθαι
488 913 547 996 τάς
568 915 644 1000 περὶ
671 919 730 1002 τῆς
754 915 890 1003 εἰρήνης
914 913 1033 1004 ὁμολο-

26 1027 91 1106 γίας
123 1022 277 1109 οἰόμενοι
308 1027 476 1111 λῃστείαις
506 1047 542 1090 τε
569 1021 625 1091 καί
653 1036 841 1109 προνομαῖς
871 1020 932 1109 τήν
956 1019 1033 1090 Ῥω-

28 1132 124 1212 μαίων
152 1132 221 1220 γῆν
249 1128 435 1219 ἐπόρθουν·
458 1125 554 1210 ,ἄνθ’
586 1120 635 1197 ὧν
666 1128 923 1217 τιμωρήσασθαι
954 1133 1033 1215 βου-

31 1233 158 1320 λόμενος
200 1232 324 1316 αύτούς
365 1233 384 1304 ὁ
425 1235 612 1321 Ταρκύνιος
657 1233 889 1323 ἐξεστράτευσε
928 1238 1034 1322 πολλή

36 1339 157 1429 δυνάμει
181 1342 241 1411 καὶ
268 1346 327 1429 τής
354 1347 416 1429 γῆς
442 1341 555 1412 αύτύν
582 1340 645 1430 τήν
668 1346 849 1429 κρατίστην
872 1340 1032 1430 ἐδῄωσεν·
1048 1365 1074 1404 ιο

15 1443 233 1536 λλάφικομένης
257 1447 288 1516 δ’
310 1451 346 1518 ἐκ
367 1453 436 1518 τῶν
459 1448 701 1538 πλησιοχώρων
721 1453 879 1517 Λατίνων
903 1449 1034 1516 ίπικου-
1054 1445 1074 1510 3

33 1559 95 1638 ρίας
123 1555 271 1642 μεγάλης
302 1570 373 1636 τοῖς
401 1555 612 1636 Ἀπιολανοῖς
646 1554 758 1636 διττάς
790 1561 920 1624 τίθεται
952 1552 1036 1640 πρὸς

33 1656 140 1742 αύτούς
167 1662 291 1750 μάχας,
318 1661 485 1749 κρατήσας
512 1661 544 1732 δ’
575 1664 612 1732 ἐν
641 1660 846 1751 ἀμφοτέραις
874 1661 950 1749 περὶ
972 1657 1035 1748 τήν
1150 1692 1152 1698 ·

32 1775 218 1856 πολιορκίαν
240 1774 299 1857 τῆς
320 1768 448 1849 πόλεως
476 1771 603 1854 ἐγίνετο
629 1769 686 1837 καὶ
709 1773 856 1858 προσῆγε
878 1783 949 1848 τοῖς
972 1773 1035 1834 τεί-

34 1893 91 1958 χεσι
111 1875 168 1956 τὰς
191 1875 354 1964 δυνάμεις
381 1877 418 1944 ίκ
441 1879 614 1963 διαδοχῆς·
643 1880 678 1944 οί
704 1874 736 1943 δ’
764 1878 800 1944 ἐκ
821 1879 881 1961 τῆς
907 1873 1036 1952 πόλεως
1050 1895 1074 1936 15

36 1975 129 2066 ὀλίγοι
145 2009 181 2052 τε
199 1981 283 2070 πρὸς
297 1981 444 2062 πολλοὺς
457 1980 642 2070 μαχόμενοι
660 1981 715 2049 καὶ
734 1979 805 2049 κατ’
823 1978 948 2050 οὐδένα
966 2006 1036 2046 και-

35 2083 86 2169 ρὸν
107 2087 327 2170 ἀναπαύσεως
348 2088 572 2176 τυγχάνοντες
592 2088 802 2177 ἐξῃρέθησαν
826 2083 890 2154 σύν
913 2085 1036 2176 χρόνῳ.

36 2188 166 2283 ἁλούσης
194 2195 233 2264 δὲ
260 2193 342 2266 κατά
369 2195 490 2283 κράτος
515 2199 575 2282 τῆς
600 2195 729 2274 πόλεως
755 2197 791 2262 οί
816 2193 877 2281 μὲν
901 2197 1037 2272 πλείους

36 2303 92 2366 τάν
110 2299 318 2372 Ἀπιολανῶν
346 2300 531 2390 μαχόμενοι
558 2299 832 2388 κατεσφάγησαν,
861 2297 969 2386 ὀλίγοι
999 2297 1037 2366 δὲ

38 2403 68 2470 τὰ
89 2404 170 2478 ὅπλα
193 2409 403 2497 παραδόντες
425 2407 493 2496 ἅμα
520 2421 591 2488 τοῖς
613 2405 728 2486 ἄλλοις
750 2405 915 2495 λαφύροις
938 2403 1036 2487 ἑπρά-
1050 2426 1076 2466 εο

38 2517 150 2601 θησαν,
182 2519 301 2596 παῖδές
331 2541 367 2584 τε
404 2513 516 2583 αὐτῶν
551 2513 608 2580 καὶ
640 2525 796 2598 γυναῖκες
831 2509 1037 2598 ἀνδραποδι-

41 2622 162 2702 σθέντες
183 2621 252 2692 ὑπὸ
270 2619 445 2710 Ῥωμαίων
462 2619 677 2707 ἀπήχθησαν,
699 2619 755 2686 καὶ
780 2616 801 2704 ή
825 2617 921 2698 πόλις
944 2622 1037 2704 διαρ-

40 2735 190 2798 πασθεῖσα
218 2727 422 2818 ἐνεπρήσθη.
470 2731 574 2796 ταῦτα
602 2724 871 2813 διαπραξάμενος
898 2723 916 2793 ὁ
943 2729 1078 2811 βασι-4

42 2827 103 2910 ίὲὖς
127 2835 182 2904 καὶ
211 2833 250 2904 τὸ
277 2849 385 2923 τελχος
417 2837 453 2904 ἐκ
484 2837 653 2922 θεμελίων
685 2829 900 2912 κατασκάψας
931 2828 1038 2917 άπήγε

41 2932 91 3018 τὴν
112 2940 259 3029 δύναμιν
282 2941 332 3010 ἐπ’
358 2951 456 3010 οίτιου
482 2941 538 3008 καὶ
566 2938 647 3027 μετὰ
674 2935 774 3008 τοῦθ’
801 2939 916 3026 ἑτέραν
941 2957 1037 3021 στρα-
1052 2955 1078 2998 εσ

42 3039 102 3108 τιὰν
127 3038 208 3133 ήγεν
236 3047 289 3116 ἐπὶ
316 3045 379 3134 τήν
402 3050 709 3133 Κρουστομερίνων
737 3043 846 3112 πόλιν.
892 3043 976 3129 αύτη
1001 3042 1038 3110 δὲ

103 3281 117 3328 3
130 3271 295 3342 άπιολάνοις
309 3278 332 3334 Ο
348 3279 377 3332 εδ
390 3278 430 3333 sic
444 3295 562 3348 semper,
576 3292 646 3332 corr.
658 3274 800 3345 Kiessling
854 3279 888 3329 20
903 3268 956 3356 ἐπί
968 3315 974 3328 .
984 3276 1039 3342 θη-

48 3356 88 3392 τον
104 3345 124 3398 Β
175 3357 209 3405 26
228 3343 297 3419 ήγεν
316 3349 459 3420 Kiensling
476 3344 625 3419 άπήγενΟ
641 3343 984 3402 ef.SintenisEm.D10n.
1000 3345 1039 3399 III

47 3425 68 3474 Ρ·
84 3419 121 3482 23,
138 3419 224 3477 Cobet
240 3421 305 3476 Obs.
320 3440 348 3492 p.
363 3427 398 3477 '10
414 3423 418 3490 Ι
435 3419 675 3490 κρουστομερινῶν
695 3417 771 3472 BaR
788 3417 1039 3486 κρουστομερηνῶν

48 3477 84 3535 Bb
100 3489 125 3542 εδ
141 3491 179 3546 sic
197 3509 307 3564 semper
