2404 3918
466 231 634 284 -Γ-

37 388 118 458 ὅσια
150 389 335 478 φυλάττειν
365 390 427 479 τὴν
459 386 517 460 ὑπ’
547 387 742 478 ἀνθρώπων
775 397 1059 460 συντελεσθεῖσαν

10 495 12 510 ⁴
36 495 124 586 ὑπὲρ
153 497 260 567 αύτού
286 502 414 586 κρίσιν,
441 496 528 567 ἀλλὰ
551 495 847 585 μεταπεμψάμενος
868 497 949 577 τοὺς
972 500 1058 585 ίερο-

37 603 172 692 φύντας
199 606 373 674 ἐκέλευσεν
402 604 620 686 ἐξιλάσασθαι
651 603 756 684 θεούς
785 628 822 673 τε
853 603 909 672 καὶ
941 606 1057 691 δαίμο-

36 739 99 792 νας
122 711 182 780 καὶ
202 716 353 802 καθῆραι
373 711 436 781 τόν
455 711 567 801 ἀνδρα
585 705 637 793 οἷς
654 710 761 800 νόμος
777 709 857 791 τοὺς
875 708 1058 790 ἀκουσίους

37 818 172 904 φόνους
189 816 386 907 ἁγνίζεσθαι
403 817 602 908 καθαρμοῖς.
642 818 792 888 κάκεῖνοι
812 817 948 905 βωμοὺς
967 803 1096 930 δόρυ-57

39 925 182 1012 σάμενοι
210 925 274 994 δύο
305 928 367 995 τόν
395 926 457 1014 μὲν
476 924 597 1016 Ἥρας,
624 923 646 1014 ἣ
676 929 835 1013 λέλογχεν
866 927 1057 994 ἐπισκοπεῖν

11 1029 211 1120 θθάδελφάς,
235 1030 295 1102 τὸν
319 1028 352 1100 δ’
375 1034 490 1121 ἕτερον
514 1035 695 1123 ἐπιχωρίου
717 1036 804 1102 θεού
825 1057 919 1112 τινος
940 1028 962 1119 ἢ
986 1035 1058 1099 δαί-

42 1165 146 1227 μονος
174 1138 287 1208 Ἰανοῦ
318 1141 503 1228 λεγομένου
533 1143 617 1210 κατὰ
648 1139 712 1227 τὴν
745 1137 925 1227 ἐπιχώριον
956 1141 1058 1224 γλῶτ-

44 1273 116 1333 ταν,
141 1245 324 1336 ἐπωνύμου
348 1247 386 1316 δέ
408 1252 588 1336 Κορατίων
613 1251 682 1316 τῶν
705 1244 959 1334 ἀναιρεθέντων
983 1243 1058 1313 ἀνε-

48 1357 131 1432 ψιόν
147 1351 223 1422 ύπὸ
253 1359 314 1423 τοῦ
341 1352 483 1442 ἀνδρός,
510 1355 567 1422 καί
594 1356 718 1433 θυσίας
744 1352 851 1434 τινας,
867 1350 917 1421 ἐπ’
944 1349 1058 1431 αὐτοῖς
1074 1377 1099 1418 ιο

44 1458 241 1546 ποιήσαντες
267 1475 338 1540 τοῖς
364 1486 399 1530 τε
427 1459 543 1541 ἀλλοις
568 1470 759 1549 καθαρμοῖς
788 1458 973 1548 ἐχρήσαντο
1003 1458 1059 1526 καί

43 1568 259 1645 τελευτῶντες
284 1562 460 1653 ὑπήγαγον
486 1564 548 1636 τὸν
565 1563 721 1655 Ὁράτιον
742 1564 808 1635 ὑπὸ
833 1565 943 1654 ζυγόν.
990 1570 1059 1634 ἐστι

44 1671 79 1740 δὲ
95 1669 275 1759 Ῥωμαίοις
301 1671 463 1760 νόμιμον,
492 1671 574 1741 ὅταν
601 1678 773 1760 πολεμίων
798 1672 1059 1761 παραδιδόντων

42 1778 80 1846 τὰ
119 1777 206 1848 ὅπλα
243 1780 410 1866 γένωνται
450 1778 578 1866 κύριοι,
620 1779 684 1848 δύο
720 1778 940 1868 καταπήττειν
977 1779 1060 1862 ξύλα

44 1883 133 1972 ὀρθὰ
162 1887 220 1954 καί
250 1891 366 1974 τρίτον
399 1885 620 1975 ἐφαρμόττειν
658 1883 774 1966 αύτοῖς
809 1885 947 1955 ἀνωθεν
977 1885 1059 1954 πλά-
1075 1908 1099 1950 ιε

43 2018 133 2078 γιον,
165 1990 274 2061 ἔπειθ’
308 1990 452 2079 ὑπάγειν
484 1990 563 2072 τούς
595 1991 827 2080 αἰχμαλώτους
856 1990 923 2062 ύπδ
955 1996 1058 2062 ταῦτα

43 2100 95 2166 καὶ
120 2099 321 2180 διελθόντας
343 2098 504 2169 ἀπολύειν
528 2101 730 2188 ἐλευθέρους
757 2101 811 2169 ἐπὶ
837 2098 879 2169 τὰ
907 2103 1059 2186 σφέτερα.

44 2210 140 2276 τούτο
173 2214 322 2277 καλεῖται
357 2201 436 2294 παρ’
465 2205 580 2286 αὐτοῖς
614 2207 735 2294 ζυγόν,
773 2198 799 2299 ᾧ
831 2206 887 2275 καί
920 2210 956 2275 ολ
984 2207 1059 2275 τότε

45 2319 265 2403 καθαίροντες
300 2312 361 2382 τὸν
397 2312 508 2401 ἀνδρα
548 2318 726 2406 τελευταίῳ
763 2317 832 2382 τόν
868 2315 945 2403 περὶ
980 2316 1060 2394 τοὺς

46 2417 240 2508 καθαρμούς
262 2425 418 2508 νομίμων
442 2418 634 2508 ἐχρήσαντο.
678 2422 716 2488 ἐν
739 2412 766 2513 ᾧ
791 2419 829 2488 δέ
850 2424 910 2507 τῆς
931 2418 1060 2499 πόλεως

48 2533 153 2619 χωρίφ
193 2525 255 2596 τὸν
296 2524 464 2614 ἁγνισμὸν
501 2526 702 2614 ἐποιήσαντο
743 2527 867 2608 πάντες
902 2525 1060 2616 Ῥωμαῖοι

48 2639 241 2720 νομίζουσιν
264 2632 372 2722 ίερόν·
396 2631 516 2701 ἔστιδ’
538 2635 575 2702 ἐν
598 2636 644 2726 τῷ
669 2639 827 2726 στενωπῷ
850 2638 896 2727 τῷ
920 2636 1060 2722 φέροντι

13 2736 114 2808 ιιυάπὸ
136 2744 291 2828 Καρίνης
316 2739 406 2810 κάτω
428 2752 501 2820 τοῖς
527 2739 580 2808 ἐπὶ
602 2737 666 2808 τὸν
686 2739 844 2826 Κύπριον
867 2742 1062 2829 ἐρχομένοις

50 2848 235 2934 στενωπόν,
259 2852 346 2916 ἔνθα
370 2849 460 2915 οἵτε
482 2846 592 2933 βωμοί
619 2849 782 2934 μένουσιν
810 2849 846 2916 οί
868 2847 943 2916 τότε
967 2850 1061 2936 ἱδρυ-

1079 2389 1098 2454 8

1073 2477 1100 2517 20

50 2956 161 3036 θέντες
181 2955 240 3024 καὶ
265 2954 367 3036 ξύλον
389 2951 474 3041 ύπέρ
494 2952 607 3022 αύτῶν
624 2954 755 3023 τέταται
775 2954 854 3022 δυσὶ
875 2968 947 3034 τοῖς
969 2953 1061 3024 ἀντι·
1075 2973 1102 3016 2⁵

51 3086 125 3148 κρυς
153 3061 310 3150 ἀλλήλων
337 3067 463 3149 τοίχοις
490 3063 759 3149 ἐνηρμοσμένον,
788 3055 806 3128 δ
834 3064 962 3147 γίνεται
991 3075 1062 3142 τοῖς

117 3249 134 3297 4
152 3241 282 3312 καθῆραι
300 3240 346 3294 Βε,
363 3238 493 3325 καθᾶραι
510 3237 587 3292 BbR
664 3243 679 3292 5
700 3235 807 3294 ἐκεῖνοι
824 3238 870 3294 Ba
885 3237 891 3308 Ι
907 3220 1062 3308 δδρνσανᾈ

55 3309 271 3370 θέπικοπείνΒ
327 3305 515 3380 θέπωνυμου
534 3308 557 3362 Β
576 3303 785 3379 ἐπωνύμοοςΒ
846 3314 879 3364 18
899 3305 1061 3382 ζυγ<ὀς>Β

56 3389 84 3438 19
104 3387 158 3440 τῶν
181 3387 229 3441 Ba
255 3383 294 3438 τό
318 3382 396 3437 ABb
482 3385 517 3435 20
541 3381 649 3450 νομίμω
673 3381 724 3436 ΑΒ
810 3387 844 3436 21
868 3377 1061 3443 *ἅπαντεςΟ

56 3460 85 3508 23
100 3465 156 3521 τοῖς
181 3458 210 3512 ελ
235 3451 399 3541 ἐρχομένοις
422 3451 476 3506 del.
501 3449 631 3506 Schnelle
649 3451 747 3508 Exere.
770 3469 798 3521 p.
823 3457 855 3505 11
930 3457 964 3506 25
984 3447 1062 3506 ἄντι.

57 3544 114 3594 κρυς
130 3531 153 3583 Β
170 3524 290 3596 άντικρυ
309 3525 335 3580 R
407 3527 442 3577 26
460 3521 610 3596 τ<οί>χοις
627 3521 650 3574 Β
