2408 3928
148 215 215 282 m
572 221 736 274 -ε-

147 385 395 472 κατασταθεῖσα
413 376 551 465 τοιαύτη
570 405 620 458 τις
638 369 696 466 ἦν·
720 380 757 448 έν
779 379 817 447 δὲ
834 382 881 471 τῷ
900 376 980 447 καθ’
996 375 1073 466 ἡμᾶς
1087 383 1137 468 βίῳ

148 483 332 573 πολυτελὴς
353 488 472 573 μέμονε
491 487 546 554 καὶ
565 483 696 569 ἀλαζὼν
715 491 762 567 είς
779 485 930 556 πλούτου
949 489 1069 573 μᾶλλον
1085 487 1139 552 ἐτί-

150 593 256 674 δειξιν
282 588 303 680 ἢ
328 593 470 681 δόκησιν
497 591 617 680 ἀρετῆς
649 593 967 684 ἐπιτραγῳδουμένη
996 592 1049 660 καλ
1074 588 1138 659 καθ’

108 695 282 770 4ἀπασαν
306 702 402 770 ίδέαν
426 702 582 788 ἐκβέβηκε
605 699 667 788 τὴν
693 699 837 788 ἀρχαίαν
861 698 1038 769 ιύτέλειαν.
1078 695 1141 786 μετὰ

109 829 122 872 ε
151 805 188 874 δὲ
211 804 274 894 τὴν
296 807 433 895 πομπήν
459 835 496 877 τε
522 809 579 876 καὶ
608 813 739 876 θυσίαν
761 805 851 876 νεῦν
874 805 1111 885 κατασκευάσας
1129 802 1142 872 ὁ

144 908 313 1000 Ῥωμύλος
341 914 394 982 ἐπὶ
425 917 483 1001 τῆς
511 917 666 1002 κορυφῆς
691 916 753 982 τοῦ
783 917 1002 982 Καπιτωλίου
1025 911 1143 1000 [λόφον]
1188 963 1189 1016 χ

150 1017 251 1105 Διός,
281 1014 322 1088 ῦυ
346 1022 542 1089 ἐπικαλοῦσι
564 1018 722 1108 Ῥωμαῖοι
750 1021 947 1109 φερέτριον,
977 1017 1019 1088 οὐ
1045 1020 1144 1106 μέγαν·

150 1129 196 1193 ἔτι
220 1123 285 1212 γὰρ
308 1123 414 1194 αὐτοῦ
437 1125 573 1209 σώζεται
596 1127 634 1196 τδ
660 1125 802 1215 ἀρχαῖον
826 1135 920 1214 ίχνος
943 1121 1145 1210 ἐλάττοναςῆ

148 1231 247 1300 πέντε
269 1235 386 1301 ποδῶν
411 1233 466 1302 κοιλ
491 1235 571 1303 δέκα
594 1231 652 1315 τάς
680 1238 811 1321 μείζους
833 1230 980 1320 πλευρὰς
1004 1237 1094 1320 ἔχον·
1121 1233 1146 1298 έν

110 1363 136 1403 10
149 1337 257 1431 τούτῳ
281 1341 469 1428 καθιέρωσε
491 1338 532 1408 τὰ
551 1343 658 1408 σκῦλα
680 1344 741 1409 τοῦ
756 1343 968 1409 Καινινιτῶν
991 1341 1147 1427 βασιλέως,
1189 1367 1190 1400 ι

150 1439 190 1514 δν
215 1443 407 1536 αύτοχειρίφι
433 1445 683 1536 κατειρμάσατο.
727 1445 788 1516 τὸν
818 1446 856 1515 δὲ
880 1452 949 1515 Δία
977 1445 1040 1515 τὸν
1069 1447 1147 1534 φερέ-

148 1579 256 1640 τριον,
277 1543 361 1647 φίτδι
382 1551 468 1622 ὅπλα
490 1552 508 1623 ὁ
527 1552 697 1642 Ῥωμύλος
717 1551 898 1640 ἀνέθηκεν,
918 1562 984 1622 είτε
1004 1551 1176 1640 βούλεταίιοι

148 1685 199 1739 τις
224 1664 451 1749 τροπαιοῦχον
478 1668 544 1730 εἴτε
572 1660 789 1749 σκυλοφόρον
816 1668 932 1730 καλεῖν
960 1657 1007 1740 ὦς
1033 1656 1150 1740 ἀξιοῦσί

148 1790 237 1845 τινες
259 1761 341 1852 εἴθ’,
364 1763 416 1835 ὅτι
438 1765 575 1836 πάντων
598 1764 750 1856 ὑπερέχει
777 1767 833 1836 καὶ
856 1769 969 1835 πᾶσαν
993 1769 1031 1835 ἐν
1053 1764 1148 1853 κύκλῳ

109 1892 136 1932 15
148 1875 342 1959 περιείληφε
373 1870 435 1959 τὴν
467 1876 536 1942 τῶν
573 1872 685 1942 ὄντων
721 1873 828 1960 φύσιν
860 1898 901 1941 τε
925 1872 982 1940 καὶ
1018 1876 1148 1958 κίνησιν,
1190 1863 1191 1874 ’

148 1973 378 2065 ὑπερφερέτην
403 1977 463 2066 οῦχ
486 1976 710 2067 ἁμαρτήσεται
732 1983 792 2066 τῆς
815 1977 987 2065 ἀληθείας.

237 2084 372 2152 XXXV.
389 2082 447 2164 Ὡς
467 2083 498 2152 δ’
519 2082 670 2154 ἀπέδωκε
691 2098 762 2165 τοῖς
779 2093 875 2166 θεολς
893 2082 912 2152 ό
931 2083 1089 2171 βασιλεῦς
1103 2081 1150 2160 τὰς

148 2195 386 2279 χαριστηρίους
408 2194 532 2271 θυσίας
554 2193 664 2261 τεκαὶ
686 2190 847 2280 ἀπαρχάς,
869 2192 951 2280 πρὶν
974 2187 995 2278 ἢ
1017 2195 1083 2261 τόν
1103 2188 1149 2256 ἀλ·

148 2303 218 2364 λων
241 2324 274 2366 τι
298 2296 547 2383 διαπράξασθαι
570 2296 701 2386 βουλὴν
725 2301 868 2367 έποιείτο
895 2299 1063 2387 περὶτῶν
1083 2323 1149 2384 κρα-
1191 2289 1192 2300 ¹

109 2425 136 2464 20
149 2407 320 2490 τηθεισιῦν
351 2403 500 2490 πόλεων,
532 2393 650 2474 ὅντινα
682 2406 846 2494 χρηστέον
878 2402 996 2486 αῦταϊς
1026 2403 1150 2493 τρόπον,

149 2508 250 2590 αῦτδς
272 2506 316 2597 ἣν
339 2507 553 2598 ὑπελάμβανε
575 2517 757 2600 κρατίστην
787 2510 875 2582 εἶναι
897 2512 1053 2600 γνοίμην,
1074 2513 1150 2597 πρῶ-

109 2611 131 2675 2
149 2642 206 2696 τος
228 2614 498 2705 ἀποδειξόμενος.
536 2614 581 2698 ὡς
604 2617 642 2686 δὲ
671 2621 753 2686 πᾶσι
775 2631 846 2698 τοῖς
868 2620 906 2687 ἐν
929 2623 975 2711 τῷ
995 2621 1150 2706 συνεδρίῳ

149 2725 317 2809 παροῦσιν
345 2719 367 2808 ἥ
393 2749 429 2791 τε
451 2721 617 2810 ἀσφάλεια
645 2728 712 2794 τάν
735 2725 977 2814 βουλευμάτων
1006 2729 1067 2795 τοῦ
1087 2722 1150 2811 ἡμε-

150 2827 255 2915 μόνος
285 2825 404 2917 ἤρεσκε
433 2831 488 2898 καὶ
518 2828 539 2917 ἡ
570 2830 761 2920 λαμπρότης
790 2831 832 2900 τά
863 2858 897 2900 τε
927 2829 1013 2900 ἀλλα
1043 2830 1101 2901 ὅσα
1122 2830 1150 2908 ἐξ

109 2954 136 2996 ετ
150 2932 262 3003 αὐτῶν
285 2935 460 3023 γενήσεται
483 2940 523 3025 τῇ
547 2936 643 3006 πόλει
666 2936 812 3027 χρήσιμα
841 2935 902 3006 οῦκ
931 2939 968 3007 έν
991 2942 1038 3032 τῷ
1060 2963 1150 3025 παρα-

148 3044 260 3130 χρῆμα
283 3041 392 3130 μόνον
415 3039 578 3112 ἀλλὰκαὶ
601 3047 649 3124 είς
671 3041 802 3113 ἅπαντα
824 3042 885 3112 τὸν
908 3043 1016 3114 ἀλλον
1038 3043 1150 3134 χρόνον

222 3268 311 3328 δνεῦ
332 3273 408 3328 ΑΒε
489 3271 860 3344 6λόφουδε1.Κίεεε1ἰωμ
940 3281 976 3330 10
998 3274 1150 3332 κανιτάνΗ

149 3343 313 3398 καινινιτιὸν
331 3343 378 3397 Ba
403 3343 567 3411 κενηνητῦν
584 3345 631 3398 Bb
647 3346 666 3468 χ
685 3345 864 3413 καθιερῶσαι
881 3347 931 3401 Ab
1005 3354 1040 3402 14
1058 3342 1087 3402 έν
1102 3343 1149 3397 del.

151 3413 321 3484 Grasberger
337 3411 414 3466 Τεεε.
433 3412 519 3468 Herb.
537 3430 565 3483 p.
585 3420 628 3480 14,
666 3415 762 3470 efendi
781 3413 847 3472 Obs.
865 3433 893 3486 p.
908 3422 970 3487 ³³0,
989 3417 1077 3474 Krebu
1092 3416 1152 3470 Prii-

150 3480 438 3551 positionsadv.11p.
456 3487 491 3538 43
561 3489 595 3537 22
615 3478 771 3541 *ἀπασιΟ
839 3492 873 3542 23
893 3489 1019 3557 παροῦσι
1035 3509 1065 3546 τε
1081 3488 1120 3542 Ba
