2412 3912
473 222 640 276 -Α-
1022 221 1066 288 83

48 405 98 470 μςο
130 381 189 448 καὶ
221 382 373 472 Αίγίστῳ
405 381 672 470 προεξελθοῦσιν
704 382 741 450 ἐκ
771 385 830 468 τῆς
860 386 1002 469 Τροίας,
1035 387 1071 452 οἳ

7 486 152 574 ιιντύχης
183 513 221 556 τε
249 489 306 556 καὶ
335 487 525 576 πνεύματος
557 485 678 576 οὐρίου
708 487 893 575 λαβόμενοι
915 490 973 557 καλ
999 487 1067 577 ἅμα

48 592 86 662 οά
119 597 233 682 πολλῇ
268 592 439 683 ἀποσκευῇ
478 592 709 684 βαρυνόμενοι
747 592 797 662 δι’
837 592 956 681 ὀλίγον
991 603 1089 666 κατ’

46 700 202 788 ηχθησαν
231 705 279 781 είς
300 705 463 770 Σικελίαν
491 701 549 769 καλ
571 699 708 792 ᾤκησαν
729 702 807 790 περὶ
829 701 982 790 ποταμὸν
1008 730 1066 772 κα-

47 807 215 895 λούμενον
238 807 409 896 Κριμισὸν
433 810 470 876 έν
493 811 537 896 γῇ
560 811 738 893 Σικανῶν,
760 805 845 895 πρὸς
866 814 985 896 φιλίαν
1008 817 1092 877 λων

49 915 163 1001 βόντες
185 913 264 1004 παρ’
293 912 406 984 αὐτόν
429 912 468 983 τὸ
492 919 618 1004 χωρίον
643 912 699 982 διά
717 912 782 1002 τὴν
795 917 963 1001 Αίγέστου
985 935 1066 1002 συγ-

52 1024 179 1108 γένειαν
201 1024 391 1110 γενομένου
412 1048 449 1092 τε
471 1022 528 1090 καλ
550 1023 737 1109 τραφέντος
759 1023 797 1090 ἐν
820 1027 962 1114 Σικελίᾳ
982 1021 1066 1092 κατὰ

56 1129 179 1198 τοιόνδε
201 1155 236 1197 τι
253 1128 374 1209 πόθος.
404 1131 473 1197 τῶν
487 1127 669 1216 προγόνων
692 1126 800 1198 αὐτοῦ
821 1155 873 1209 τις
894 1127 982 1220 ἀνὴρ
997 1131 1106 1198 ἐπι-2

54 1235 153 1324 γανίγς
185 1240 222 1305 ίκ
251 1241 313 1306 τού
340 1239 493 1325 Τρωικοῦ
523 1238 645 1322 γένους
676 1232 725 1304 ἀν
748 1238 962 1324 Λαομέδοντι
993 1237 1065 1305 διά·

50 1369 150 1432 φορος
172 1349 314 1430 γίνεται,
336 1344 393 1412 καὶ
415 1342 521 1412 αὐτὸν
536 1340 555 1411 ὁ
569 1341 727 1430 βασιλεὺς
750 1341 798 1414 ἐπ’
825 1348 915 1434 αίτίμ
939 1342 982 1432 δη
995 1371 1064 1414 τινι
1079 1362 1106 1404 10

47 1448 158 1536 λαβὼν
186 1455 311 1520 κτείνει
337 1451 394 1518 καλ
421 1452 521 1537 γένος
547 1447 654 1518 αὐτοῦ
680 1447 718 1518 τὸ
742 1448 849 1538 ἀρρεν
870 1448 976 1537 ἀπαν,
999 1448 1065 1520 ἀπὸ

47 1559 142 1637 δέους
161 1556 207 1644 μή
226 1584 260 1625 τι
280 1555 364 1645 πρὸς
382 1555 495 1626 αὐτῶν
514 1557 623 1646 πάδη·
641 1555 700 1637 τάς
719 1555 757 1624 δὲ
774 1559 965 1645 θυγατέρας
982 1583 1065 1645 παρ-

43 1666 172 1744 θένους
201 1669 251 1732 ἔτι
279 1662 383 1744 ούσας
409 1663 604 1734 ἀποκτεῖναι
631 1663 694 1751 μὲν
719 1661 781 1732 ούκ
808 1661 969 1752 εὐπρεπὲς
991 1664 1065 1734 ένό-

44 1791 134 1857 μισε,
167 1773 280 1859 Τρωσί
308 1771 346 1840 δὲ
370 1770 595 1851 συνοικούσας
621 1773 786 1859 περιιδεῖν
815 1767 880 1838 ούκ
905 1768 1066 1858 ἀσφαλές,

43 1881 165 1946 δίδωσι
198 1876 235 1944 δ’
266 1876 369 1958 αύτάς
400 1877 561 1966 ἐμπόροις
594 1873 638 1958 ὡς
669 1875 874 1965 προσωτάτω
905 1877 1064 1958 κελεύσας
1078 1895 1105 1939 1⁵

42 1982 194 2070 ἀπάγειν.
239 1984 376 2065 ταύταις
407 1982 586 2064 ἀπιούσαις
618 1992 800 2052 συνεκπλεῖ
824 1983 1000 2071 μειράκιόν
1031 1987 1103 2054 τι3

40 2095 108 2159 τῶν
132 2093 311 2180 ἐπιφανῶν
333 2089 566 2180 κρατούμενον
590 2095 688 2180 ἔρωτι
710 2094 770 2176 τῆς
792 2090 906 2179 ἑτέρας
926 2092 984 2159 καὶ
1005 2117 1064 2178 γα-

6 2211 102 2283 ιιεμεῖ
123 2195 187 2284 τὴν
205 2201 388 2285 παιδίσκην
411 2195 577 2285 ἀχθεῖσαν
598 2200 647 2277 είς
660 2202 833 2282 Σικελίαν,
855 2198 912 2265 καλ
934 2203 1064 2284 γίνεται

42 2302 156 2385 αὐτοῖς
183 2319 262 2384 παῖς
290 2308 327 2374 έν
350 2311 508 2384 Σικελοῖς
537 2307 771 2391 διατρίβουσιν
794 2310 957 2390 Αίγεστος
986 2303 1063 2374 όνο-

42 2434 102 2496 μα·
136 2408 177 2492 ὃς
203 2410 276 2498 ἤδη
303 2412 361 2480 καλ
387 2415 544 2497 γλῶσσαν
571 2414 641 2480 τῶν
674 2411 862 2498 ἐπιχωρίων
892 2409 1062 2497 ἐκμαθών,
1076 2441 1104 2483 ιο

44 2517 154 2606 ἐπειδὴ
187 2516 268 2598 τοὺς
298 2532 411 2605 γονεῖς
443 2516 533 2610 αὐτῷ
565 2521 761 2604 τελευτῆσαι
790 2518 936 2603 συνέβη,
968 2522 1063 2603 βασι-

43 2625 200 2706 λεύοντος
228 2627 266 2695 έν
293 2630 397 2718 Τροίη
421 2623 583 2713 Πριάμον
610 2623 765 2693 κάθοδον
793 2620 885 2714 αύτῷ
914 2627 1064 2712 δοθῆναι

46 2732 288 2822 διαπράττεται,
302 2733 359 2800 καλ
382 2733 623 2818 συνδιενέγκας
641 2729 702 2800 τὸν
720 2728 805 2817 πρὸς
822 2728 902 2810 τοὺς
912 2727 1063 2817 Ἀχαιούς

44 2838 188 2926 πόλεμον
219 2835 443 2926 ἁλισκομένης
471 2843 531 2926 τῆς
560 2837 688 2916 πόλεως
717 2833 855 2906 ἀπέπλει
882 2837 984 2906 πάλιν
1015 2843 1063 2918 είς

46 2951 203 3014 Σικελίαν
228 2943 293 3013 σὺν
313 2943 444 3037 Ἐλύμῳ
458 2943 686 3032 ποιησόμενος
707 2942 769 3031 τὴν
783 2942 898 3032 φυγὴν
922 2946 959 3013 έν
972 2945 1061 3033 τρισὶ
1075 2970 1102 3013 ιι

657 3135 689 3194 ἔν
707 3139 740 3211 τῇ
761 3139 895 3195 Σικανῶν
915 3159 936 3195 ο.
956 3139 1061 3195 Μεαῖν-

116 3149 129 3196 1
149 3139 255 3212 ίγέστω
274 3141 321 3195 Ba
392 3146 409 3196 δ
428 3136 565 3211 κριμησδν
583 3141 633 3268 B)

46 3215 180 3268 nerAnn.
204 3213 274 3283 phil.
300 3217 369 3267 1877
397 3231 425 3283 p.
446 3219 498 3269 826
581 3219 597 3267 6
635 3209 737 3280 γίοτου
755 3211 801 3265 Ba
882 3218 943 3268 8τι
963 3228 1016 3266 om.
1035 3209 1062 3262 A

85 3289 115 3338 12
131 3281 181 3348 τὰς
199 3282 233 3340 δὲ
252 3278 307 3340 δύο
324 3283 490 3354 θυγατέρας
503 3300 527 3339 ο.
543 3282 655 3354 Sauppe
672 3282 695 3336 Ε
716 3283 745 3336 h.
760 3281 837 3338 Gott.
859 3288 927 3338 1861
947 3299 973 3350 p.
991 3287 1059 3336 1861

50 3357 84 3406 16
99 3351 243 3419 ἐπιούσαις
261 3357 309 3411 Ba
337 3357 342 3425 Ι
372 3355 550 3412 σονέτιλειΒ
628 3359 660 3409 17
690 3299 805 3422 galeae
822 3353 870 3408 Ba
946 3359 979 3406 19
1000 3350 1061 3420 ἔγε-

49 3441 108 3488 στος
123 3429 167 3483 Ba
239 3433 274 3483 20
294 3425 351 3496 ἔθη
368 3427 498 3482 ΗσιῖΙεὶω
516 3427 633 3482 Hermes
648 3423 674 3478 X
692 3443 720 3494 p.
731 3430 784 3480 408
857 3430 892 3479 22
916 3419 993 3478 αύτω
1007 3421 1061 3476 AB

86 3502 114 3552 23
130 3496 196 3563 τούς
214 3499 314 3554 om.B
386 3503 421 3553 25
439 3497 574 3580 votum

860 3578 898 3634 ὅ*
