2408 3928
582 193 747 247 ...B-

155 351 303 439 γεγονὼς
325 349 427 434 αὐτὸς
444 356 543 441 <τῆς>
566 351 781 440 διαγνώσεως
802 356 865 421 τοῦ
887 353 1146 441 παραληψομένου

154 458 217 546 τὴν
240 456 348 548 ἀρχὴν
372 461 511 546 βασιλέα
533 463 592 546 τῆς
615 458 743 540 πόλεως
766 463 909 550 αἱρεῖται
932 458 1052 546 Νόμαν
1073 467 1147 545 Πομ

154 571 276 636 πίλιον.
317 565 373 634 καλ
396 565 477 655 μετὰ
500 570 600 635 τοῦτο
620 565 825 654 πρεσβευτάς
846 557 1024 646 ἀποδείξας
1045 566 1077 632 ἐκ
1094 568 1146 632 τόν

154 678 338 761 πατρικίων
362 670 532 742 ἀπέστειλε
554 671 634 754 τοδς
652 674 955 761 παραληψομένους
977 670 1037 741 τὸν
1059 670 1148 760 ἀνδρα

114 807 127 848 ι
155 781 208 848 έπλ
229 778 292 874 τὴν
314 778 422 868 ἀρχὴν
446 783 589 874 ἐνιαυτῷ
613 784 714 871 τρίτῳ
732 785 791 868 τῆς
814 779 1048 865 ἑκκαιδεκάτης
1068 777 1149 866 όλυμ·
1185 799 1188 930 J

153 885 289 971 πιάδος,
312 881 356 973 ἣν
380 888 474 956 έυίκα
497 887 638 957 στάδιον
661 885 872 975 Πυθαγόρας
895 884 1030 955 Λάκων.

242 994 376 1062 LVIHI.
411 996 520 1082 Μέχρι
548 994 609 1081 μέν
639 991 681 1081 δὴ
708 992 839 1063 τούτων
870 991 975 1061 οὐδέν
1003 990 1148 1062 ἀντειπεῖν

154 1103 217 1186 ἔχω
239 1097 324 1188 πρὸς
346 1098 425 1180 τοὺς
448 1099 674 1181 ἐκδεδωκότας
695 1098 759 1188 τὴν
777 1099 853 1188 περὶ
876 1097 938 1168 τόν
962 1097 1073 1187 ἀνδρα
1092 1103 1149 1167 του-

153 1231 213 1273 τον
238 1208 406 1293 ἱστορίαν,
430 1209 467 1276 έν
491 1206 529 1276 δὲ
551 1221 622 1287 τοῖς
645 1207 719 1294 ἑξῆς
737 1204 853 1295 ἀπορῶ
876 1211 913 1274 τί
930 1229 1013 1274 ποτε
1036 1204 1094 1294 χρὴ
1113 1205 1150 1273 λέ-
1188 1169 1189 1248 λ

114 1339 140 1379 ιο
154 1336 237 1396 γειν.
268 1314 388 1381 πολλοὶ
407 1313 469 1400 μὲν
488 1313 552 1401 γάρ
572 1317 704 1402 <είσιν>
724 1318 759 1382 οἱ
774 1312 967 1401 γράψαντες
985 1311 1039 1380 ότι
1053 1321 1151 1380 Πυθυ·

152 1415 259 1515 γόρου
282 1417 436 1507 μαθητὴς
458 1417 477 1488 δ
501 1419 621 1508 Νόμας
644 1422 774 1506 ἐγένετο
797 1420 853 1488 καλ
875 1416 957 1487 καθ’
979 1415 1024 1487 δν
1047 1419 1151 1508 χρόνον

153 1521 219 1593 ὑπὸ
247 1529 306 1612 τῆς
323 1523 497 1614 Ῥωμαίων
524 1525 652 1607 πόλεως
680 1524 863 1614 ἀπεδείχθη
893 1524 1056 1613 βασιλεὺς
1076 1534 1152 1613 φιλο
1189 1529 1190 1540 ’

153 1636 271 1719 σοφῶν
294 1636 332 1703 έν
351 1632 510 1717 Κρότωνι
530 1635 708 1721 διέτριβεν,
732 1632 750 1702 ὁ
776 1634 814 1702 δὲ
837 1633 960 1722 χρόνος
978 1638 1040 1720 τῆς
1054 1642 1151 1701 Πυθα-

114 1739 134 1803 2
153 1737 259 1826 γόρου
282 1736 415 1826 ἡλικίας
438 1738 575 1827 μάχεται
597 1738 682 1828 πρὸς
704 1738 765 1809 τὸν
787 1740 902 1827 λόγον.
949 1736 991 1809 οὐ
1016 1739 1079 1829 γὰρ
1100 1737 1152 1807 ὀλί-

113 1870 139 1912 ιε
152 1872 225 1932 γοις
248 1852 368 1932 έτεσιν,
391 1845 475 1916 ἀλλὰ
497 1848 554 1915 καλ
576 1850 728 1935 τέτταρσι
756 1861 887 1933 γενεαῖς
913 1844 1011 1926 ὅλαις
1033 1845 1152 1932 ὕστερος
1190 1835 1191 1852 ’

153 1953 283 2039 ἐγένετο
307 1953 518 2043 Πυθαγόρας
541 1953 659 2041 Νόμα,
682 1951 727 2034 ὦς
753 1956 788 2022 ἐκ
810 1958 880 2024 τῶν
901 1958 1033 2022 κοινάν
1056 1965 1183 2040 παρα-361

151 2058 305 2146 λήφαμεν
330 2063 497 2149 ἱστοριάν.
544 2058 648 2149 ὁμὲν
675 2059 740 2149 γάρ
769 2062 828 2130 ἐπί
848 2064 908 2148 τῆς
936 2059 1153 2144 ἑκκαιδεκάτης

153 2163 361 2254 ὀλυμπιάδος
387 2166 554 2254 μεσούσης
580 2167 643 2256 τὴν
662 2164 836 2254 Ῥωμαίων
866 2172 1044 2255 βασιλείαν
1071 2167 1153 2252 παρέ-

151 2278 243 2361 λαβε,
258 2273 468 2359 Πυθαγόρας
491 2273 529 2342 δὲ
547 2271 628 2361 μετὰ
647 2271 709 2360 τὴν
728 2271 957 2360 πεντηκοστὴν
977 2271 1153 2361 όλύμπιάδα

112 2350 323 2480 Ξοδιέτριψεν
352 2382 390 2448 έν
414 2378 544 2471 Ἰταλίᾳ.
589 2380 714 2449 τούτου
745 2378 776 2447 δ’
803 2385 851 2448 ἔτι
874 2385 988 2466 μεῖζον
1013 2385 1078 2467 ἔχω
1098 2405 1154 2447 τεν·

153 2486 275 2576 μόριον
300 2489 407 2554 εἰπεῖν
430 2483 514 2574 ὑπὲρ
536 2491 599 2555 τοῦ
622 2485 666 2574 μὴ
691 2500 888 2574 συμφωνεῖν
916 2485 997 2565 τοὺς
1023 2490 1155 2575 χρόνους

151 2607 223 2673 ταῖς
245 2596 535 2682 παραδεδομέναις
561 2590 646 2678 ὑπὲρ
673 2598 735 2662 τοῦ
762 2591 888 2681 ἀνδρός
916 2596 1093 2683 ἱστορίαις,
1114 2589 1155 2658 ὅτι

151 2698 231 2769 καθ’
258 2699 299 2767 ὃν
322 2699 448 2788 χρόνον
473 2697 490 2768 ὁ
514 2699 634 2788 Νόμας
662 2700 715 2767 έπλ
737 2698 799 2786 τὴν
821 2705 997 2786 βασιλείαν
1021 2703 1154 2769 ἐκαλεῖτο

152 2804 218 2875 ὑπὸ
232 2803 407 2893 Ῥωμαίων
427 2805 520 2874 οὔπω
539 2805 636 2886 πόλις
654 2797 697 2894 ἦν
716 2802 909 2893 ἡΚρότων·
932 2797 1084 2894 τέτταρσι
1101 2801 1153 2891 γὰρ

112 2911 245 2993 κόλοις
274 2910 415 3001 ὕστερον
444 2919 550 2981 ἔτεσιν
579 2907 599 2999 ἢ
624 2911 748 3000 Νόμαν
776 2910 873 2999 ἀρξαι
891 2909 1065 3000 Ῥωμαίων
1094 2907 1154 2977 Μό-

122 3046 125 3052 ·
153 3028 269 3100 σκελος
295 3018 402 3108 αὐτὴν
431 3025 558 3090 ἔκτισεν
591 3021 734 3110 ἐνιαυτῷ
764 3024 862 3109 τρίτῳ
890 3021 950 3104 τῆς
978 3018 1153 3086 ἑπτακαιδε-

181 3247 188 3267 Ι
226 3182 309 3250 Ιτῆς
326 3181 391 3235 add.
406 3178 546 3263 Kieqsling
618 3175 759 3264 2asqetvf
775 3179 802 3232 A
873 3173 967 3264 qm
985 3169 1003 3250 ᾖ
1024 3178 1152 3282 ΟΙ*ιιιυυ-

153 3253 336 3390 λόλῗὶῑλάἱ
347 3251 606 3390 ίὶἑῖαέίλῖλιλλ.
621 3256 771 3375 ουλλόέῗρ
794 3245 1067 3392 οἷολρλλῖλῖλῖιοι
1079 3245 1152 3373 ἀλλ

153 3392 198 3462 loy
216 3391 384 3448 Phalaridea
405 3408 433 3458 p.
454 3396 504 3443 121
528 3393 585 3445 not.
604 3391 685 3445 Ribb.
714 3392 719 3460 1
744 3390 777 3445 δέ
800 3411 826 3444 τι
848 3391 871 3444 Β
947 3397 983 3445 24
1001 3387 1152 3460 κρόιτιονΒ

155 3468 189 3516 25
208 3459 370 3523 Μόσκελλος
388 3459 477 3515 Cobet
496 3458 561 3516 Obs.
579 3479 606 3528 p.
627 3465 660 3514 52
