2408 3928
474 215 639 270 -B·-
1002 213 1067 278 255

53 401 144 462 τραις
184 375 424 462 κατεζωσμένοι
469 374 525 443 καὶ
569 375 735 462 τηβέννας
780 377 1067 464 ἐμπεπορπημένοι

53 481 325 571 περιπορφύρους
349 481 695 571 φοινικοπαρύφους,
732 477 772 562 ἃς
811 486 953 552 καλοῦσι
992 509 1068 570 τρα-

52 588 127 674 βέας
160 591 246 676 (ἔστι
278 587 312 657 δ’
348 588 524 677 έπιχιέριος
561 589 645 677 αὕτη
678 586 854 677 Ῥωμαίοις
890 587 993 677 έσθης
1030 593 1067 658 έν

53 710 118 776 τοίς
151 696 244 766 πάνυ
274 697 386 786 τιμία)
419 697 474 765 καὶ
510 695 571 776 τὰς
602 699 812 783 καλουμένας
843 695 963 778 ἀπίκας
1001 699 1066 773 έπι-

54 807 199 890 κείμενοι
229 815 302 884 ταίς
333 811 514 890 κεφαλαίς,
545 808 663 882 πίλους
694 800 846 890 ὑψηλοὺς
878 808 926 884 είς
957 807 1094 892 σχημαι

57 913 305 999 συναγομένους
339 911 537 996 κωνοειδές,
573 905 614 990 ἃς
642 907 805 998 Ἕλληνες
839 910 1066 999 προσαγορεύ-

57 1037 126 1085 ουσι
159 1022 352 1106 κυρβασίας.
405 1018 611 1105 παρέζωσται
644 1014 676 1085 θ’
707 1019 843 1098 ἕκαστος
877 1013 989 1086 αύτοόν
1022 1017 1102 1100 ξί3

16 1144 118 1210 θεοφος
148 1124 205 1194 καί
232 1128 271 1214 τῇ
299 1125 361 1213 μέν
386 1127 487 1216 Ιδεξιῷ
518 1125 604 1213 χειρὶ
631 1122 757 1211 λόγχην
784 1118 805 1211 ἢ
830 1121 959 1212 ῥάβδον
986 1122 1007 1212 ἦ
1034 1149 1067 1193 τι

57 1229 184 1300 τοιούθ’
215 1233 330 1321 ἕτερον
356 1245 484 1318 κρατεῖ,
515 1233 556 1321 τῇ
585 1229 616 1299 θ’
647 1229 809 1322 εὐωνύμῳ
837 1233 965 1319 κατέχει
993 1231 1068 1299 πέλ-

60 1364 109 1424 την
140 1342 303 1428 Θρακίαν·
335 1335 356 1427 ἡ
386 1335 417 1406 δ’
448 1339 517 1408 έστί
545 1341 738 1428 ῥομβοειδεῖ
762 1341 877 1432 θυρεῷ
910 1338 1067 1408 στενωτέ-
1081 1363 1107 1402 10

57 1471 111 1531 ρας
140 1450 251 1534 ἔχοντι
277 1443 336 1526 τὰς
351 1443 510 1533 ’λαγόνας
537 1444 698 1534 ἐμφερής,
726 1449 799 1526 οἵας
826 1446 981 1532 λέγονται
1009 1445 1067 1532 φέ-

57 1577 124 1637 ρειν
161 1555 199 1621 οί
229 1549 272 1626 τὰ
308 1551 497 1640 Κουρήτων
533 1548 612 1638 παρ’
638 1550 799 1639 Ἕλλησιν
840 1554 1068 1632 ἐπιτελοῦντες

55 1659 134 1746 ίερύ.
179 1664 240 1728 καί
259 1663 346 1728 εἰσιν
375 1662 411 1726 οί
432 1658 543 1728 σάλιοι
570 1657 653 1728 κατὰ
680 1663 766 1746 γοῦν
788 1657 852 1747 τὴν
875 1657 960 1746 έμὴν
981 1656 1104 1744 γνῷ-4

56 1791 119 1853 μην
141 1763 326 1858 Ἑλληνικῷ
353 1765 686 1853 μεθερμηνευθέντες
714 1762 855 1852 ὀνόματι
882 1767 1066 1854 Κουρῆτες,

55 1869 113 1958 ὑφ’
143 1870 239 1960 ἡμῶν
262 1871 328 1960 μέν
356 1873 409 1941 έπί
440 1876 499 1958 τῆς
530 1869 660 1959 ἡλικίας
693 1869 800 1954 οὕτως
831 1871 1067 1960 ὠνομασμένοι
1082 1896 1108 1936 τι
1197 1919 1198 1924 1

56 1977 141 2065 παρὰ
167 1976 249 2058 τοὺς
275 1977 435 2068 κούρους,
462 1975 530 2048 ὑπὸ
559 1978 597 2048 δέ
619 1976 794 2066 Ῥωμαίων
821 1980 874 2048 έπὶ
901 1982 959 2066 της
989 1998 1067 2048 σνν-

56 2085 155 2154 τόνον
181 2084 353 2173 κινήσεως.
402 2086 441 2154 τὸ
473 2083 538 2176 γὰρ
571 2084 773 2168 ἐξάλλεσθαί
801 2110 836 2154 τε
867 2087 924 2154 καὶ
955 2088 1067 2173 πηδᾶν

58 2201 167 2281 σαλῖρε
190 2189 247 2261 ὑπ’
274 2189 386 2260 αύτῷν
409 2192 546 2278 λέγεται.
592 2187 656 2260 ἀπὸ
687 2191 724 2261 δέ
750 2195 809 2279 της
836 2189 938 2279 αὐτῆς
961 2197 1068 2272 αἰτίας

57 2300 108 2368 καὶ
128 2299 207 2379 τούς
234 2296 359 2380 ἄλλους
381 2296 531 2379 ἅπαντας
553 2296 732 2387 ὀρχηστύς,
756 2299 826 2368 ἐπεὶ
848 2297 912 2369 κάν
935 2298 1069 2380 τούτοις

58 2405 138 2476 πολὺ
174 2405 213 2476 τὸ
254 2403 343 2494 ἅλμα
384 2405 440 2474 καὶ
486 2410 649 2494 σκίρτημα
696 2411 822 2492 ἔνεστι,
860 2405 1068 2495 παράγοντες
1081 2427 1108 2467 20

59 2510 118 2583 ἀπὸ
143 2517 213 2583 τῶν
242 2518 368 2582 σαλίων
396 2510 547 2600 τοῦνομα
579 2512 791 2600 σαλτάτωρας
820 2517 992 2584 καλοῦσιν.
1038 2508 1103 2580 εί5

18 2619 98 2688 387θέ
119 2619 233 2711 ὀρθῶς
258 2617 428 2707 ὑπείληφα
454 2618 581 2706 ταύτην
611 2617 725 2700 αὐτοῖς
746 2616 809 2706 την
836 2624 1067 2708 προσηγορίαν

61 2723 237 2807 ἀποδιδούς
265 2729 300 2795 ἐκ
327 2730 396 2795 τῷν
428 2727 640 2813 γιγνομένων
669 2723 727 2794 ὑπ’
758 2723 871 2795 αὐτῶν
900 2723 918 2796 ὅ
945 2726 1068 2814 βουλό-

62 2860 153 2919 μενος
175 2840 347 2922 συμβαλεῖ.
385 2836 560 2902 κινοῦνται
578 2831 642 2921 γὰρ
661 2830 745 2917 πρὸς
763 2829 869 2903 αύλὸν
889 2834 926 2902 έν
946 2835 1067 2924 ῥυθμῷ

61 2937 112 3020 τὰς
146 2944 324 3021 ένοπλίονς
363 2939 512 3029 κινήσεις
552 2939 627 3009 ποτέ
667 2938 729 3027 μὲν
767 2931 874 3027 ὁμοῦ,
915 2939 989 3009 τοτὲ
1031 2938 1069 3007 δὲ
1082 2961 1108 3002 ετ

124 3132 390 3208 λπεριπορφύρους
408 3135 485 3190 ABb
517 3131 681 3207 πορφύρους
703 3136 751 3190 Ba
775 3139 780 3205 Ι
806 3134 1068 3206 φονικωπαρύφους

65 3206 103 3262 Ba
124 3209 128 3278 1
151 3209 294 3282 τραββέαν
316 3209 340 3262 Β
417 3213 434 3262 4
457 3202 563 3268 ἄπικας
585 3205 608 3260 Β
641 3202 747 3270 ἅπικέις
769 3209 807 3276 Α,
831 3208 978 3263 accentum
998 3221 1067 3260 corr.

65 3277 189 3337 Bficheler
263 3286 297 3335 10
315 3275 522 3352 βαβθοειθεῖλ
542 3280 546 3346 Ι
568 3277 733 3348 στενοτέρας
752 3279 829 3334 ΑΒω
901 3283 934 3332 13
953 3271 1068 3364 γνώμην

66 3347 196 3424 Kiessling
217 3352 263 3407 Pr.
287 3351 350 3406 Βαε.
374 3369 401 3421 p.
422 3356 457 3406 10
488 3351 593 3420 γνῶσιν
615 3349 666 3404 Bb
690 3367 745 3404 om.
764 3351 840 3405 ΑΒο
912 3353 946 3434 1β
964 3367 1069 3417 κουρη-

67 3425 139 3484 ιεςΒ
193 3429 236 3481 15.
254 3429 287 3480 16
307 3417 365 3494 ἐπὶ]
385 3415 443 3477 dn&
458 3422 507 3477 Ab
562 3427 595 3477 18
615 3417 709 3490 σοίλιρε
732 3421 783 3475 AB
839 3425 872 3476 19
891 3422 1040 3482 πανταςΑ

67 3497 93 3546 21
110 3491 262 3567 σαλύτορας
280 3495 333 3550 ΑΒ
352 3510 422 3550 corr.
440 3493 541 3548 Portus
