2408 3928
459 251 623 305 -B—
985 246 1051 312 235

41 409 82 497 τῷ
101 407 196 499 φόνῳ
210 408 291 479 καθ’
313 405 355 478 δν
373 409 500 499 χρόνον
520 408 650 497 δηλαδὴ
665 408 772 479 καὶτὸ
788 407 907 489 σκότος
921 411 1051 496 ἐγένετο

42 515 341 604 διασκεδασθέντος
372 519 408 585 ἐκ
443 521 502 606 τῆς
539 520 714 605 ἐκκλησίας
755 520 816 586 τοῦ
854 514 965 604 δῆμον
995 515 1052 584 καὶ

7 625 257 707 ιοομονωθίντος
284 627 343 712 τῆς
371 630 523 713 φυλακῆς
550 629 612 695 τοῦ
641 623 817 714 ῆγεμόνος.
867 620 924 690 διὰ
950 624 1051 691 τοῦτο

42 730 119 812 γοῦν
147 749 232 816 φασι
259 729 322 819 τῆν
352 729 480 820 ῆμίραν
514 736 551 801 ἐν
580 724 600 822 ῆ
627 730 665 802 τὸ
693 731 804 812 πάθος
837 731 967 817 ἐγένετο
994 730 1053 815 τῆς

44 839 157 921 τροπῆς
184 840 246 905 τοῦ
274 837 430 926 πλήθους
458 837 637 927 ἑπιόννμον
665 836 753 907 εἶναι
781 838 838 906 καὶ
865 839 960 925 μέχρι
981 838 1051 904 τῶν
1079 861 1092 904 ε

43 939 112 1008 καθ’
135 939 224 1030 ῆμάς
248 944 383 1034 χρόνων
407 944 510 1033 ὄχλον
533 943 648 1033 φνγῆν
671 953 858 1016 καλεῖσθαι.
905 948 992 1012 ἔοικε
1015 939 1048 1008 δ’
1070 943 1090 1008 6

44 1043 79 1113 οῦ
99 1046 222 1138 μικράν
240 1048 401 1140 άφορμῆν
419 1053 577 1142 παρέχειν
595 1066 667 1131 τοῖς
683 1054 886 1120 θεοποιοῦσι
907 1047 948 1117 τά
966 1057 1052 1134 θνη-

44 1151 76 1219 τά
95 1156 149 1224 καί
174 1162 223 1237 είς
247 1156 396 1244 οὐρανὸν
420 1157 663 1246 ἀναβιβάζουσι
683 1155 742 1237 τάς
759 1154 868 1244 ψυχάς
890 1158 959 1224 νῦν
983 1156 1052 1223 ἐπι-

48 1266 152 1344 φανῶν
176 1263 219 1333 τὰ
243 1265 418 1353 συμβάντα
442 1266 477 1334 ἐκ
498 1269 560 1335 τοῦ
578 1268 665 1334 θεοῦ
687 1264 763 1352 περὶ
786 1261 849 1351 τῆν
874 1260 1052 1350 σύγκρισιν

46 1371 94 1434 τοῦ
115 1367 244 1455 ἀνδρὸς
267 1373 400 1442 ἐκείνου
422 1373 478 1440 καὶ
500 1370 562 1460 τῆν
587 1371 766 1459 διάκρισιν.
808 1375 845 1438 ἕν
868 1396 903 1439 τε
922 1368 986 1457 γάρ
1004 1373 1049 1462 τῷ
1065 1395 1092 1435 ιο

43 1479 163 1569 βιασμῷ
192 1481 252 1565 τῆς
279 1477 403 1568 μητρὸς
431 1478 536 1550 αὐτοῦ
565 1476 633 1548 τίδ’
658 1476 716 1546 ὑπ’
738 1475 933 1566 ἀνθρώπων
959 1474 1052 1556 τινὸς

43 1578 100 1648 εἶθ’
123 1580 192 1652 ὑπὸ
220 1589 326 1654 θεοῦ·
339 1587 511 1677 γενομένῳ
542 1585 604 1655 τὸν
635 1583 736 1673 ῆλιον
769 1587 916 1653 ἐκλιπεῖν
946 1602 1052 1670 φασιν
1090 1581 1100 1643 ‘³

43 1683 114 1754 όλον
140 1690 199 1757 καὶ
228 1689 348 1771 σκότος
373 1697 543 1772 παντελῶς
572 1689 682 1781 ὥσπερ
711 1693 748 1760 ἐν
776 1691 871 1759 νυκτὶ
899 1690 962 1778 τῆν
986 1692 1052 1776 γῆν
1136 1719 1145 1730 ·

42 1810 211 1883 κατασχεῖν
244 1802 281 1866 ἓν
307 1825 343 1867 τε
373 1803 414 1888 τῆ
447 1802 583 1887 τελευτῇ
616 1798 722 1866 αὐτοῦ
748 1795 849 1866 ταύτὸ
881 1799 1051 1885 συμβῆναι
1081 1818 1086 1859 .’

42 1903 169 1987 λέγουσι
189 1902 308 1983 πάθος.
345 1902 363 1973 δ
384 1903 445 1992 μὲν
466 1901 509 1991 δὴ
528 1909 641 1985 κτίσας
659 1903 721 1992 τῆν
739 1901 870 1992 Ῥώμην
889 1904 945 1972 καὶ
963 1905 1051 1990 προῦ-

43 2035 90 2087 τος
110 2007 328 2097 ἀποδειχθεὶς
354 2008 412 2080 ὑπ’
438 2008 541 2098 αὐτῆς
567 2009 726 2099 βασιλεῦς
743 2010 912 2100 Ῥωμύλος
939 2007 1052 2078 τοιαῦ-

42 2141 91 2200 της
130 2118 261 2204 λέγεται
303 2122 456 2205 τελευτῆς
499 2132 629 2205 τυχεῖν,
667 2114 829 2204 οὐδεμίαν
871 2118 904 2198 ἐξ
946 2111 1051 2183 αὑτοῦ

43 2221 154 2304 γενεάν
178 2222 386 2309 καταλιπόν,
410 2221 490 2293 ἑπτά
514 2224 577 2312 μὲν
600 2229 656 2311 ἔτη
674 2224 730 2292 καί
752 2221 933 2312 τριάκοντα
955 2226 1050 2307 βασι-

8 2328 174 2415 ιειλεόσας,
197 2328 425 2416 πεντηκοστὸν
455 2330 493 2398 δὲ
519 2331 576 2399 καὶ
603 2331 752 2418 πέμπτον
781 2333 853 2408 ἔτος
876 2332 962 2415 ἔχων
984 2322 1049 2394 άπδ

44 2440 158 2518 γενεάς.
199 2439 277 2517 νέος
299 2434 363 2525 γάρ
383 2435 425 2524 δὴ
444 2437 657 2506 παντάπασιν
678 2441 772 2522 ἔτυχε
793 2438 852 2522 τῆς
869 2431 1051 2521 ἡγεμονίας
1064 2467 1091 2508 20

46 2536 337 2629 ὀκτωκαιδεκαέτης
351 2541 455 2629 (ὤν),
469 2539 515 2622 ὡς
533 2540 676 2622 ἅπαντες
694 2539 921 2628 ὁμολογοῦσιν
941 2541 976 2608 οί
992 2537 1052 2619 τάς

45 2648 108 2734 περὶ
131 2646 239 2716 αῦτοῦ
263 2647 518 2736 συγγράψαντες
541 2651 698 2735 ἱστορίας.

122 2756 225 2822 LVII.
262 2759 315 2847 Τῷ
340 2753 375 2824 δ’
402 2757 475 2842 ἑξῆς
498 2757 641 2847 ἐνιαυτῷ
669 2752 826 2840 βασιλεῦς
852 2752 915 2841 μὲν
939 2750 1052 2832 οὐδεὶς

46 2854 219 2950 ἀπεδείχθη
236 2859 428 2950 Ῥωμαίων,
458 2860 542 2950 άρχῆ
566 2863 607 2930 δέ
626 2888 690 2947 τις,
718 2857 762 2947 ῆν
788 2863 930 2928 καλοῦσι
953 2878 1051 2947 μεσο-
1120 2935 1123 2940 ,

46 2968 219 3056 βασίλειον,
248 2971 435 3056 ἐπεμελεῖτο
461 2973 532 3038 τόν
558 2972 685 3037 κοινῶν
710 2967 849 3036 τοιόνδέ
872 2994 949 3036 τινα
976 2965 1051 3057 τρό-
1065 2997 1091 3039 τι

48 3094 102 3140 πον
127 3072 412 3164 ἀποδεικνυμένη·
445 3079 514 3144 τῶν
542 3081 725 3164 πατρικίων
757 3078 792 3143 οί
821 3075 1051 3162 καταγραφέν-

48 3179 156 3261 τεςέίς
177 3179 241 3268 τῆν
265 3183 395 3268 βουλῆν
422 3178 489 3250 ὑπὸ
507 3179 681 3269 Ῥωμύλον
705 3179 873 3249 διακόσιοι
896 3178 957 3249 τὸν
979 3177 1052 3267 άρι-

1066 1961 1093 2003 15

106 3380 120 3428 1
136 3370 281 3445 δηλαδὴῡ
297 3370 333 3445 δῆ
349 3371 418 3444 ζάλη
428 3393 451 3431 ο.
461 3370 596 3445 Βείελτεῆ
613 3370 679 3458 ζάλη
689 3374 832 3462 Κίοεεὶὶορ
886 3380 944 3443 4γε
961 3368 1012 3464 οῦγ
1028 3373 1050 3430 Ο

51 3447 76 3495 12
88 3443 303 3534 γ<ρ>νομένηιΒ
360 3453 392 3502 13
411 3444 548 3509 παντελὲς
561 3465 585 3502 ο.
599 3445 702 3536 ΒειρΙξο
760 3451 793 3500 21
810 3447 1053 3514 οκτωκαιδεκετης

49 3511 84 3568 Bb
98 3519 102 3585 Ι
117 3538 156 3572 ων
179 3517 418 3574 παλαιότατοι
485 3524 519 3572 22
538 3516 711 3587 περίακτον
732 3533 755 3570 ο.
775 3515 865 3571 Cobet
885 3515 950 3570 obs.
969 3535 996 3585 p.
1016 3521 1050 3570 52
