2404 3918
475 227 640 281 ,r-

48 383 106 473 τῆν
136 390 334 455 παναθλίαν
363 383 515 475 ἀδελφῆν
544 382 773 474 ἀποστερήσας
799 385 926 473 γάμου,
955 378 981 454 ἀ
1008 386 1066 456 δά-

49 497 163 579 στηνεῖ
201 488 274 561 ἀλλ’
301 489 376 560 οὐδ’
403 497 494 573 ἔλεος
522 493 707 582 εἰσέρχεταί
733 513 769 562 σε
796 496 864 562 τῶν
894 491 1066 562 ἀπολωλό·

48 625 112 668 των
149 601 341 686 συγγενῶν,
379 595 439 679 οὓς
469 597 640 687 ἀδελφοὺς
672 598 813 686 ἐκάλεις,
846 597 918 668 ἀλλ’
954 597 1065 687 ὥσπερ

48 703 182 793 ἀγαθόν
217 732 251 775 τι
288 705 577 793 διαπεπραγμένος
613 707 787 793 ἐξέστηκας
822 709 891 775 τῶν
927 710 1065 796 φρενῶν

48 810 110 882 ἀπὸ
129 816 191 900 τῆς
209 809 337 900 ἡδονῆς
358 812 415 880 καί
437 811 628 899 στεφάνους
647 813 700 881 ἐπὶ
721 825 791 893 τοῖς
807 813 975 894 τοιούτοις
998 815 1093 881 ἐπίε

49 939 155 988 κεισαι
191 931 306 998 κακοῖς
341 924 434 998 τίνος
471 921 557 1006 ἔχων
588 917 702 1006 ψυχὴν
733 923 877 1007 θηρίου;
913 917 1106 1001 κάκεῖνος6

50 1024 245 1113 ὑπολαβών,
281 1029 483 1111 Φιλοῦντος,
526 1029 606 1111 ἔφη,
647 1023 709 1113 τῆν
746 1029 891 1112 πατρίδα
925 1033 1066 1096 πολίτου

51 1134 101 1202 καὶ
123 1130 205 1212 τοὺς
226 1135 336 1212 κακῶς
359 1129 443 1222 αὐτῆ
464 1133 695 1219 βουλομένους
714 1133 924 1220 κολάζοντος,
948 1134 1008 1203 ἐάν
1031 1161 1067 1204 τε

54 1238 219 1326 ἀλλότριοι
242 1237 389 1326 τύχωσιν
412 1237 515 1325 αὐτῆς
540 1236 646 1325 ὄντες,
666 1239 778 1309 ἐάντε
803 1245 933 1310 οίκεῖοι·
957 1244 994 1310 ἐν
1016 1236 1067 1322 οἷς

57 1352 182 1434 τίθεμαι
205 1345 262 1413 καὶ
284 1347 333 1430 σέ,
355 1342 429 1431 ῆτις
452 1344 505 1413 ἑνὶ
526 1348 631 1436 καιρῷ
650 1343 691 1413 τὰ
709 1347 847 1433 μέγιστα
866 1345 1009 1433 ἀγαθῶν
1031 1373 1067 1416 τε
1081 1372 1108 1412 ιο

11 1455 108 1522 464καλ
125 1456 239 1521 κακῶν
258 1451 493 1540 συμβεβηκότα
515 1449 597 1539 ἡμῖν
621 1454 804 1538 ἐπιγνοῦσα
822 1454 885 1542 τῆν
908 1482 943 1525 τε
966 1460 1066 1542 νίκην

52 1564 105 1647 τῆς
122 1563 295 1648 πατρίδος,
313 1555 357 1646 ῆν
380 1556 397 1627 ὁ
418 1555 477 1638 σὸς
495 1555 643 1644 ἀδελφὸς
661 1557 726 1645 ἐγὼ
744 1559 881 1649 πάρειμι
899 1562 1067 1648 κατάγειν,

51 1669 102 1736 καὶ
125 1665 187 1736 τὸν
205 1666 361 1736 θάνατον
384 1669 453 1735 τῶν
472 1663 631 1751 ἀδελφοῖν
656 1663 717 1733 οὐκ
741 1667 794 1735 ἐπὶ
816 1681 888 1747 τοῖς
910 1666 1066 1754 ἀγαθοῖς,

51 1767 74 1842 ἀ
93 1771 197 1862 μιαρὰ
216 1771 271 1858 σύ,
289 1786 360 1852 τοῖς
377 1783 507 1851 κοινοῖς
524 1773 583 1858 τῆς
600 1775 762 1860 πατρίδος
779 1778 906 1862 χαίρεις
925 1772 996 1844 οὔτ’
1014 1774 1067 1842 ἐπὶ

51 1895 119 1962 ταῖς
151 1893 344 1967 συμφοραῖς
374 1890 447 1958 ταῖς
479 1881 582 1958 ίδίαις
612 1881 671 1965 τῆς
700 1883 807 1960 οίιιίας
835 1879 962 1968 ἀλγεῖς,
990 1878 1064 1950 ἀλλ’
1081 1903 1107 1945 15

51 1986 255 2076 ὑπεριδοῦσα
276 1988 345 2054 τῶν
365 1988 506 2072 σεαυτῆς
532 1983 769 2073 ἀδελφῶντὸν
791 1991 853 2056 τοῦ
876 1991 1069 2076 μνηστῆρος

52 2094 239 2173 ἀνακλαίεις
257 2091 377 2181 μόρον,
398 2088 474 2159 οὐδ’
495 2087 641 2160 ἀπὸτοῦ
665 2092 806 2174 σκότους
829 2094 1067 2184 ἀποφθαρεῖσά

51 2225 115 2270 που
140 2198 224 2270 κατά
252 2198 375 2288 μόνας,
407 2196 481 2267 ἀλλ’
513 2199 551 2266 ἐν
577 2212 649 2279 τοῖς
676 2197 835 2270 ἁπάντων
864 2199 1067 2289 ὀφθαλμοῖς,

52 2313 108 2375 καί
126 2335 184 2396 μοι
206 2305 269 2394 τῆν
292 2303 415 2394 ἀρετῆν
438 2302 596 2384 καὶτοὺς
619 2305 809 2392 στεφάνους
831 2303 1016 2396 ὀνειδίζεις,
1040 2302 1067 2378 ἀ

52 2413 308 2503 ψευδοπάρθενε
329 2414 386 2481 καὶ
412 2410 597 2500 μισάδελφε
623 2413 680 2480 καὶ
708 2410 829 2496 ἀναξία
845 2417 918 2483 τῶν
941 2415 1064 2503 προγό-
1078 2436 1105 2476 2⁰

53 2549 128 2591 νων.
169 2518 284 2607 ἐπειδὴ
308 2523 428 2587 τοίνυν
453 2515 493 2585 οὐ
516 2516 595 2598 τοὺς
618 2517 788 2606 ἀδελφοὺς
809 2529 958 2608 πενθεῖς,
981 2519 1067 2591 ἀλλὰ

53 2627 126 2711 τοὺς
148 2626 320 2712 ἀνεψιούς,
343 2626 399 2694 καὶ
425 2622 463 2693 τὸ
487 2623 549 2711 μὲν
573 2627 670 2712 σῶμα
693 2627 730 2694 ἐν
753 2639 824 2707 τοῖς
848 2633 948 2710 ζῶσιν
972 2633 1067 2717 ἔχεις,

54 2733 110 2822 τῆν
138 2736 175 2805 δὲ
202 2731 315 2822 ψυχὴν
342 2727 433 2819 παρὰ
464 2734 510 2823 τῷ
539 2735 663 2824 νεκρῷ,
691 2729 791 2801 ἀπιθι
824 2731 908 2822 πρὸς
935 2737 1066 2806 ἐκεῖνον

57 2837 94 2909 ὃν
115 2841 265 2930 ἀνακαλῆ
287 2839 344 2907 καὶ
368 2836 449 2926 μήτε
471 2835 532 2906 τὸν
555 2839 681 2925 πατέρα
700 2838 780 2927 μήτε
801 2838 880 2922 τοὺς
897 2838 1068 2930 ἀδελφοὺς

121 3085 232 3162 μάλλ’]
256 3080 305 3158 ἀρ’
325 3105 348 3143 ο.
368 3085 511 3156 Kiessling
528 3085 572 3142 Pr.
592 3089 655 3144 Βοε.
674 3106 701 3158 p.
722 3094 755 3142 11
833 3095 850 3145 6
873 3085 983 3160 φυγήνς
1003 3086 1068 3161 οάχλ

57 3165 153 3233 θηρίου
173 3182 196 3219 ο.
212 3161 373 3232 Stephanus
446 3164 462 3213 7
481 3159 547 3213 ante
564 3160 715 3229 φιλοῦντος
729 3160 826 3216 deesse
845 3163 951 3231 μειοῦν
970 3181 1001 3232 γε
1020 3162 1068 3218 vel

59 3233 208 3304 μᾶλλονδὲ
233 3251 307 3302 susp.
332 3231 492 3302 Stephanus
570 3237 604 3286 14
623 3227 656 3286 τι)
677 3232 700 3285 Β
725 3226 759 3286 οά
778 3232 804 3286 R
819 3233 823 3301 Ι
840 3225 905 3286 οὔδ’
926 3249 949 3287 ο.
973 3231 1067 3290 Κίεεε-

59 3358 113 3430 ling
174 3365 208 3416 15
228 3356 316 3419 ίδίαις
334 3355 384 3424 τῆς
403 3352 495 3417 οἰκίας
512 3299 702 3420 Βτάςίάίάἀῖςλ
766 3361 799 3411 17
819 3350 1026 3426 άποφθαρεῖσα
1044 3358 1067 3411 Β

60 3435 198 3502 φθαρεῖσα
216 3432 242 3486 Β,
260 3429 426 3498 κρυφθεῖοα
445 3444 468 3482 ο.
482 3426 622 3483 Bficheler
694 3432 727 3482 18
745 3447 801 3482 που
834 3446 884 3481 ποι
903 3445 925 3482 ο.
940 3427 1065 3504 ΒείεῖτεΙ

60 3499 125 3559 κατὰ
144 3499 233 3575 μόνας
251 3501 275 3556 Β
294 3517 349 3555 om.
368 3499 394 3553 R
466 3503 499 3554 21
518 3499 663 3562 ποθεῖςΒ
736 3504 771 3553 24
788 3497 1002 3570 ανακ<αλ>ῆΒ
