2408 3928
573 206 737 260 -ι-Β-

146 363 316 456 παραλλὰξ
348 367 404 436 καὶ
435 370 596 453 πατρίους
626 364 722 446 τινάς
757 364 887 453 ὕμνους
919 364 1062 458 ᾅδουσιν
1092 363 1148 452 ἅμα

145 488 219 554 ταῖς
244 478 400 561 χορείαις.
445 479 582 562 χορείαν
609 473 732 543 δὲκαὶ
758 479 896 561 κίνησιν
924 475 1079 542 ἐνόπλιον
1103 473 1148 540 καὶ

146 579 207 649 τὸν
235 584 273 651 έν
299 595 373 662 ταῖς
404 578 542 650 ἀσπίσιν
574 576 847 668 ἀποτελούμενον
873 578 939 649 ὑπὸ
966 583 1037 650 τόν
1064 582 1149 667 ἐγχει-

148 690 268 773 ριδίων
287 689 418 776 ψόφον,
442 697 476 757 εῖ
494 715 527 756 τι
549 692 604 756 δεῖ
626 702 699 768 τοῖς
724 685 877 777 ἀρχαίοις
898 692 1149 777 τεκμηριοῦσθαι

106 819 119 860 ε
146 793 275 882 λόγοις,
307 799 482 883 Κουρῆτες
512 787 600 882 ἦσαν
637 798 673 864 οί
705 799 833 884 πρῶτοι
868 794 1149 882 καταστησάμενοι.

145 899 207 971 τὸν
231 902 269 971 δὲ
290 902 367 989 περὶ
390 900 503 972 αὐτόν
522 905 637 990 μῦθον
656 900 758 971 οὐδὲν
784 903 905 990 δέομαι
926 899 1010 989 πρὸς
1034 901 1150 980 εἰδότας

147 1007 267 1096 ὀλίγον
290 1014 363 1078 δεῖν
385 1009 514 1090 πάντας
536 1008 690 1097 γράφειν.

235 1117 350 1185 LXXI.
384 1113 442 1186 Ἐν
465 1117 503 1187 δέ
524 1131 597 1198 ταῖς
619 1119 767 1203 πέλταις,
790 1111 830 1197 ἀς
853 1119 891 1185 οῖ’
908 1142 944 1186 τε
968 1115 1082 1185 σάλιοι
1103 1141 1150 1202 φο-

147 1233 246 1310 ροῦσι
273 1224 329 1292 καὶ
356 1219 397 1304 ἀς
424 1221 586 1312 ὑπηρέται
617 1222 707 1303 τινές
739 1221 851 1292 αὐτῶν
878 1221 1070 1312 ἠρτημένας
1099 1219 1149 1289 ἀπὸ

107 1346 134 1389 10
146 1329 304 1400 κανόνων
326 1336 515 1418 κομίζουσι,
537 1338 676 1411 πολλαῖς
702 1330 794 1400 πάνυ
822 1327 940 1410 οῦσαις
967 1335 1051 1418 μίαν
1078 1327 1151 1398 εἶναι

27 1453 40 1464 “
147 1439 283 1524 λέγουσι
311 1441 465 1527 διοπετῆ,
494 1435 678 1526 εὑρεθῆναι
707 1434 739 1506 δ’
765 1435 871 1525 αὐτόν
901 1456 1006 1525 φασιν
1037 1439 1152 1514 ἐντοῖς

147 1550 329 1629 βασιλείοις
359 1559 432 1625 τοῖς
461 1543 577 1633 Νόμοι,
615 1543 761 1632 μηδενὸς
792 1543 987 1634 ἀνθρώπων
1021 1545 1152 1627 εἰσενέγ-

146 1677 269 1732 καντος
299 1649 378 1741 μηδ’
410 1655 626 1740 ἐγνωσμένου
657 1651 822 1741 πρότερον
859 1654 897 1720 ἐν
926 1649 1067 1731 Ἰταλοῖς
1097 1675 1152 1718 τοι

148 1756 252 1827 οῦτου
285 1759 466 1847 σχήματος,
504 1761 537 1842 ἐξ
566 1751 615 1828 ἀν
647 1756 847 1848 ἀμφοτέρων
875 1756 1060 1844 ὑπολαβεῖν
1088 1755 1153 1824 Ῥεε
1198 1777 1199 1784 ’

107 1849 268 1975 Ξμαίους
293 1864 508 1953 θεόπεμπτον
536 1863 624 1934 εἶναι
653 1865 691 1934 τδ
721 1863 836 1935 ὅπλον.
882 1867 1098 1952 βουληθέντα
1123 1861 1153 1929 δὲ

147 1971 207 2040 τόν
234 1972 360 2060 Νόμαν
391 1979 560 2060 τιμᾶσθαί
587 1999 622 2042 τε
658 1970 741 2042 αὐτὸ
772 1971 963 2062 φερόμενον
996 1969 1064 2041 ὑπὸ
1095 1973 1153 2040 τόν

146 2084 332 2167 κρατίσταν
352 2081 441 2148 νέων
460 2083 496 2148 έν
521 2083 627 2166 ίεραῖς
644 2077 782 2170 ἡμέραις
805 2077 871 2148 ἀνδι
895 2078 958 2168 τὴν
981 2079 1082 2148 πόλιν
1102 2077 1188 2146 aulaea

146 2191 281 2256 θυσιοῦν
315 2187 473 2256 ἐπετείων
507 2186 705 2275 τυγχάνειν,
744 2186 919 2257 δεδοικότα
956 2186 994 2254 δδ
1033 2188 1153 2272 ἐπιβον

147 2292 208 2374 λάς
235 2320 271 2364 τε
297 2292 358 2374 τάς
384 2291 443 2362 ἀπ’
474 2295 608 2382 ἐχθράν
640 2294 696 2363 καί
728 2291 923 2382 ἀφανισμὸν
955 2291 1062 2362 αὐτοῦ
1088 2301 1153 2361 κλο-

108 2414 265 2487 ειπαῖον,
289 2399 375 2470 ὅπλα
398 2401 534 2488 λέγουσι
556 2399 663 2470 πολλὰ
685 2400 1002 2470 κατασκευάσασθαι
1024 2404 1071 2494 τῷ
1094 2403 1152 2466 διο-

37 2541 59 2580 ῃ
147 2522 240 2576 πετεῖ
268 2507 498 2599 παραπλήσια,
535 2513 721 2595 Μαμορίου
756 2507 849 2589 τινὸς
883 2509 1092 2597 δημιουργοῦ
1119 2503 1152 2572 τὸ

148 2620 250 2704 ἔργον
274 2614 536 2703 ἀναδεξαμένου,
560 2613 644 2685 ὥστε
667 2613 798 2703 άσημον
821 2613 1062 2702 γενέσθαικαὶ
1084 2616 1152 2681 δυσ-

150 2720 361 2807 διάγνωστον
402 2736 473 2802 τοῖς
513 2723 695 2810 μέλλουσιν
737 2720 969 2809 ἐπιβουλεύειν
1004 2720 1068 2810 τὴν
1100 2720 1153 2786 τοῦ

148 2829 362 2913 θεοπέμπτου
394 2829 500 2917 φύσιν
534 2826 590 2897 διὰ
621 2826 684 2916 τὴν
716 2827 973 2919 ἀπαράλλακτον
1005 2832 1073 2896 τῶν
1102 2821 1152 2893 άν-

108 2914 331 3042 gammam
359 2941 467 3026 ἔργων
496 2933 684 3023 ὁμοιότητα.
730 2935 910 3024 ἐπιχώριον
934 2933 972 3003 δέ
989 2932 1153 3022 Ῥωμαίοις

147 3041 204 3110 καὶ
231 3041 322 3112 πάνυ
350 3049 462 3130 τίμιον
492 3040 509 3111 ὁ
539 3043 778 3131 κουρητισμός,
806 3041 851 3122 ὡς
878 3045 913 3110 έκ
939 3045 1074 3110 πολλῶν
1098 3038 1150 3127 μὲν

146 3150 203 3219 καὶ
227 3148 339 3236 ἀλλων
363 3149 427 3237 ἐγοδ
453 3149 697 3246 συμβάλλομαι,
721 3148 864 3237 μάλιστα
888 3145 919 3216 δ’
942 3149 978 3216 ἐκ
1000 3151 1068 3216 τῶν
1085 3143 1149 3233 περὶ

147 3258 214 3342 τὰς,
238 3256 373 3345 πομπὰς
403 3255 463 3335 τάς
494 3282 529 3325 τε
562 3259 598 3324 ἐν
623 3256 819 3349 ἱπποδρόμῳ
851 3256 907 3324 καὶ
939 3253 999 3337 τὰς
1029 3257 1066 3324 ἐν
1092 3264 1151 3329 τοῖς

212 3419 237 3469 Ἰῖι
256 3413 434 3483 κουρῆτεςΟ
506 3419 540 3468 21
561 3416 733 3486 δημιουργοῦ
752 3411 784 3471 τὸ
805 3413 924 3486 ἔργονΒ
941 3410 974 3470 τὸ
996 3413 1078 3486 ἔργον
1094 3411 1150 3468 δῖί

151 3486 333 3552 δημιουργεῖν
352 3502 375 3539 ο.
396 3484 518 3540 Sintenis
535 3485 596 3540 Em.
615 3485 695 3541 Dion.
716 3486 756 3540 III
774 3505 800 3556 p.
820 3493 837 3541 4
