2396 3918
133 205 198 268 110
556 204 724 259 -A-

132 391 167 433 τε
190 362 208 432 ὅ
232 365 309 454 περὶ
327 362 560 455 Σαμοθρᾴκης
582 360 832 450 συνταξάμενος
854 365 982 450 ἱστορεῖ
1002 363 1059 430 καί
1078 361 1136 430 Σά-

131 496 232 560 τυρος
255 469 275 540 ὁ
296 470 376 552 τοὺς
398 470 559 559 ἀρχαίους
580 470 715 559 μύθους
742 466 945 556 συναγαγὼν
971 469 1028 536 καλ
1051 466 1136 536 ἄλλοι

132 582 268 666 συχνοί,
295 578 517 658 παλαιότατος
541 578 578 646 δὲ
602 569 652 646 ὧν
675 575 770 664 ἡμεῖς
797 585 894 664 ἴσμεν
917 574 1058 663 ποιητὴς
1076 573 1137 663 Ἀρ-
1190 565 1191 582 ’

95 688 251 765 3κτῖνος.
297 687 433 771 λέγουσι
460 688 546 770 γοῦν
575 675 660 752 τάδε·
691 683 832 774 Χράσην
858 681 921 770 τὴν
948 683 1138 761 Πάλλαντος

106 794 305 880 ιθυγατέρα
332 793 529 879 γημαμένην
553 790 725 883 Δαρδάνφ
754 789 881 878 φερνὰς
903 791 1139 876 ἐπενέγκασθαι

132 896 260 987 δωρεάς
284 895 432 983 Ἀθηνᾶς
462 896 503 966 τά
534 924 571 966 τε
602 897 782 967 Παλλάδια
812 898 869 966 καὶ
900 895 940 966 τά
973 894 1048 985 ἱερά
1078 899 1139 963 τῶν
1191 921 1192 934 ’

131 1004 286 1092 μεγάλαν
309 1008 402 1074 θεῶν
427 1007 649 1092 διδαχθεῖσαν
669 1003 781 1074 αὐτῶν
794 1002 853 1084 τὰς
865 1004 1005 1084 τελετάς.
1033 999 1139 1087 ἐπειδὴ

132 1111 169 1179 δὲ
192 1109 254 1197 τὴν
278 1111 464 1200 ἐπομβρίαν
491 1110 676 1199 φεύγοντες
695 1110 851 1199 Ἀρκάδες
878 1109 1140 1196 Πελοπόννησον

131 1216 193 1305 μὲν
226 1219 397 1303 ἐξέλιπον,
430 1219 467 1286 ἐν
501 1217 538 1286 δὲ
573 1223 614 1307 τῇ
647 1223 776 1308 Θριμιίγ
806 1217 901 1308 νησφ
936 1215 1017 1296 τοὺς
1052 1221 1142 1303 βίους

91 1351 118 1391 ιο
131 1323 327 1411 ἱδρύσαντο,
349 1324 594 1393 κατασκευάσαι
617 1323 677 1394 τὸν
699 1323 886 1413 Δάρδανον
909 1326 1061 1392 ἐνταῦθα
1079 1326 1141 1391 τῶν
1192 1349 1193 1392 T

130 1434 225 1500 θεῶν
255 1430 387 1500 τούτων
419 1430 513 1519 ἱερὸν
545 1430 713 1520 ἀρρήτους
739 1447 809 1512 τοῖς
836 1431 952 1512 ἄλλοις
982 1433 1142 1500 ποιοῦντα

129 1536 188 1618 τάς
220 1542 330 1617 ἰδίους
353 1536 466 1606 αὐτῶν
495 1535 679 1625 ὀνομασίας
710 1540 767 1606 καὶ
794 1537 853 1618 τάς
879 1536 1010 1618 τελετάς
1033 1535 1143 1614 αὐτοῖς

129 1643 188 1725 τάς
218 1647 275 1714 καὶ
306 1649 354 1725 είς
385 1645 464 1715 τόδε
495 1645 625 1733 χρόνον
656 1648 837 1733 γινομένας
868 1642 934 1714 ὑπὸ
962 1643 1143 1734 Σαμοθρᾴ-
1193 1697 1194 1734 η

94 1758 201 1822 4ιιυν
237 1754 408 1820 ἐπιτελεῖν.
454 1747 498 1832 ὡς
531 1751 569 1820 δὲ
605 1755 725 1839 μετῆγε
755 1757 818 1821 τοῦ
849 1749 915 1820 λεδ
945 1748 1007 1836 τὴν
1039 1755 1180 1818 πλείοσι

90 1890 116 1929 ιι
131 1871 254 1946 μοῖραν
287 1863 335 1938 είς
365 1856 427 1945 τὴν
458 1856 572 1926 Ἀσίαν
602 1857 642 1928 τά
672 1858 734 1946 μὲν
766 1857 838 1948 ἱερά
866 1861 938 1928 τῶν
966 1861 1060 1926 θεῶν
1092 1859 1145 1925 καὶ

130 1961 189 2042 τὰς
219 1961 351 2044 τελετάς
381 1978 451 2045 τοῖς
482 1962 705 2053 ὑπομείνασιν
737 1968 775 2034 έν
807 1968 847 2055 τῇ
885 1964 979 2056 νήσῳ
1014 1971 1145 2033 καταλι-

130 2083 223 2138 πεῖν·
255 2069 295 2139 τδι
324 2070 362 2138 δὲ
384 2070 563 2140 Παλλάδια
589 2072 646 2139 καὶ
674 2071 732 2152 τάς
759 2075 871 2159 (τῶν)
893 2076 987 2140 θεῶν
1014 2070 1148 2150 εἰκόνας

129 2174 465 2263 κατασκευασάμενον
502 2174 690 2264 ἀγαγέσθαι
726 2175 801 2265 μετ’
842 2175 957 2246 αὐτοῦ.
1005 2181 1147 2265 διαμαν-

129 2283 314 2373 τευόμενον
342 2283 380 2352 δὲ
407 2285 484 2371 περὶ
510 2287 569 2370 τῆς
598 2283 759 2370 οἰκήσεως
787 2283 828 2353 τά
850 2310 885 2352 τε
913 2282 999 2354 άλλα
1021 2293 1147 2370 μαθεῖν

90 2422 116 2462 ιο
129 2392 186 2460 καὶ
207 2392 283 2478 περὶ
306 2394 375 2460 τῶν
398 2393 499 2480 ἱερῶν
523 2393 582 2476 τῆς
605 2393 758 2479 φυλακῆς
781 2389 883 2459 τόνδε
906 2388 966 2460 τὸν
994 2388 1147 2478 χρησμὸν

129 2503 263 2582 λαβεῖν·

175 2607 236 2682 Είς
258 2601 359 2669 πόλιν
383 2598 427 2689 ἣν
449 2607 612 2692 κτίζῃσθα
634 2613 731 2684 θεοῖς
754 2607 854 2691 σέβας
877 2603 1028 2693 ἄφθιτον
1052 2605 1119 2672 αίεὶ

174 2717 301 2793 θεῖναι,
322 2709 380 2775 καὶ
393 2716 559 2795 φυλακαῖς
581 2736 617 2778 τε
630 2713 743 2797 σέβειν
765 2717 906 2792 θυσίαις
918 2737 953 2779 τε
971 2725 1088 2799 χοροῖς
1104 2737 1149 2779 τε.

176 2811 237 2882 ἔστ’
263 2807 307 2881 άν
330 2810 395 2901 γάρ
408 2813 488 2882 τάδε
508 2814 614 2903 σεμνά
632 2814 709 2884 καθ’
724 2814 889 2906 ὑμετέρην
910 2816 1023 2906 χθόνα
1041 2821 1148 2906 μίμνῃ

203 2979 217 3029 1
244 2970 389 3042 [στορεῖΒ
417 2970 543 3046 ἱστορίαν
560 2977 586 3031 R
666 2973 779 3032 ΒδνΑ
809 2979 813 3046 1
843 2972 997 3047 δποιητὴς
1014 2977 1150 3033 Welcker

130 3045 207 3114 Cyel.
230 3045 281 3115 Ep.
300 3045 314 3099 I
336 3063 364 3115 p.
384 3051 436 3100 212
509 3042 767 3118 θάπενέγκασθαι
791 3049 815 3102 Β
888 3053 903 3103 7
927 3051 1097 3119 δειχθεῖσαν
1122 3049 1151 3101 Α

168 3122 199 3170 11
219 3116 370 3179 ποιοῦντες
387 3117 464 3172 ABb
482 3118 586 3173 ποιοῦν
603 3115 655 3182 τάς
682 3121 728 3175 Βε.
810 3126 844 3175 13
862 3119 912 3174 καὶ
930 3121 1028 3176 om.B
1063 3121 1067 3188 Ι
1104 3138 1151 3188 γε·

129 3186 294 3275 νρμέναςΒ
362 3194 412 3278 ,14
434 3189 567 3274 πλείωΙΒ
593 3192 755 3246 πλείοναλῖ
837 3198 871 3246 17
895 3187 946 3254 τάς
968 3191 1025 3246 τῶν
1044 3191 1150 3276 Βσίελις

129 3280 181 3348 τας
199 3259 221 3315 0
296 3265 329 3314 18
352 3277 623 3343 ανασκευασαμενον
640 3279 663 3316 ο.
679 3262 822 3334 Sylburgl
842 3257 967 3348 άγεσθαι
986 3262 1039 3317 ΑΒ
1056 3267 1061 3331 Ι
1077 3263 1137 3332 μεθ

131 3330 547 3488 αῖκηῖιξῖκξὲαεῖ
562 3331 887 3470 στεῖλαι
904 3329 1153 3460 αῖσιν-α

131 3470 233 3525 Re1ske
252 3489 303 3525 ευτ
329 3491 367 3525 αν
387 3472 409 3525 Ο
435 3473 440 3540 Ι
464 3467 606 3541 ὑμετέραν
625 3473 648 3526 0
667 3489 736 3530 corr.
756 3473 845 3531 Cobet
864 3475 930 3531 Oba.
948 3493 976 3545 p.
995 3479 1031 3530 34
