2404 3918
492 237 659 289 -Γ-

69 399 196 474 έθνους
217 391 406 463 ἀντιπάλου
427 390 603 482 Ῥωμαίοις
629 391 714 483 ὑπὲρ
744 399 803 481 τῆς
829 393 933 484 ἀρχῆς
954 396 1085 483 ἀνδρας

68 529 104 572 τε
127 499 276 589 μαχητὰς
298 505 435 589 ἔχοντος
456 502 512 570 καὶ
531 528 644 590 χειραν
663 505 854 591 νεμομένου
876 501 1006 592 πολλὴν
1027 505 1084 572 ιιαλ

66 606 204 696 ἀγαθὴν
232 608 288 677 καὶ
315 611 374 696 τῆς
396 606 524 697 Ῥωμης
552 608 595 677 ού
620 609 735 698 πρόσω
758 613 932 699 κειμένην,
955 609 1084 700 πολλὴν

69 721 166 804 ἔσχεν
199 712 217 784 ό
250 714 438 804 Ταρκύνιος
468 721 665 804 προθυμίαν
697 717 754 785 καὶ
784 717 926 799 τούτους
957 715 1084 804 ὑπαγα-

69 824 192 910 γέσθαι
226 821 282 892 καί
313 835 472 911 προείπεν
509 820 625 903 αύτοῑς
659 820 720 893 τὸν
751 823 899 912 πόλεμον
932 826 1109 911 ένκαλιόντ

69 942 143 1010 ταῖς
163 929 319 1015 πόλεσιν,
348 927 400 998 ὅτι
426 926 506 1010 τούς
532 927 786 1018 ὑποσχομένους
812 938 1000 1020 Τυρρηνοῖς
1023 930 1082 1000 ἐάν

67 1033 257 1123 ἀφίκωνται
294 1035 437 1126 στρατὸν
474 1035 613 1123 άγοντες
647 1043 695 1118 είς
724 1035 787 1125 τῆν
824 1037 937 1127 χάραν
969 1038 1083 1108 αὐτῶν

71 1146 211 1224 ἐκείνοις
233 1143 296 1231 μὲν
320 1149 430 1232 φίλας,
448 1141 624 1232 Ῥωμαίοις
647 1143 678 1212 δ’
700 1143 825 1233 ἐχθράς
846 1144 1001 1232 ποιήσειν
1024 1143 1084 1225 τάς

72 1253 232 1337 σφετέρας
263 1254 426 1340 πατρίδας
457 1249 518 1319 ούκ
550 1250 732 1338 ἐβούλοντο
765 1253 933 1320 έιιδοῦναι.
984 1255 1019 1320 οί
1044 1250 1122 1320 δὲ2

71 1355 213 1443 ἀσμενοί
234 1384 270 1426 τε
298 1355 521 1445 ὑποδέχονται
552 1356 613 1427 τὸν
640 1358 789 1445 πόλεμον
822 1356 884 1427 οὐκ
912 1356 1084 1442 ἀξιοῦντες
1097 1390 1123 1430 ιο

69 1461 149 1543 τοὺς
167 1464 424 1545 δυνατωτάτους
440 1469 510 1533 τῶν
533 1463 645 1534 ἀστῶν
663 1463 906 1553 ἀφαιρεθῆναι,
928 1465 984 1533 καὶ
1002 1465 1083 1552 πρὶν

68 1566 253 1656 ἀφικέσθαι
271 1569 444 1659 Ῥωμαίων
465 1570 613 1658 δύναμιν
637 1573 689 1640 ἐπὶ
713 1576 801 1659 σφᾶς
819 1568 917 1641 αύτολ
940 1568 1084 1659 στρατὸν

15 1692 65 1742 572
76 1675 254 1763 ἐξάγουσιν
278 1679 331 1746 ἐπὶ
357 1676 420 1766 τῆν
448 1679 597 1746 ἐκείνων.
647 1675 805 1764 βασιλεὺς
834 1678 872 1749 δὲ
899 1677 1085 1767 Ταρκύνιος

70 1780 116 1864 ὡς
137 1782 262 1871 ῆκουσε
285 1783 526 1872 διαβεβηκότας
543 1782 622 1864 τοὺς
639 1785 815 1871 Σαβίνους
833 1782 968 1872 Ἀνίητα
985 1808 1096 1854 ποτα-.

68 1888 134 1978 μὸν
158 1892 214 1959 καὶ
237 1890 486 1979 λεηλατούμενα
507 1887 564 1959 ὑπ’
586 1888 698 1960 αὐτῶν
721 1889 762 1959 τὰ
778 1892 855 1979 περὶ
877 1890 940 1978 τῆν
958 1915 1082 1978 παρεμ-
1097 1920 1123 1962 15

71 1995 180 2086 βολῆν
203 1995 345 2084 ἅπαντα,
368 1994 549 2084 ἀναλαβὼν
571 1995 633 2085 τῆν
662 1995 892 2085 εὐζωνοτάτην
910 1995 1083 2085 Ῥωμαίων

68 2102 211 2191 νεότητα
230 2101 276 2184 ὡς
293 2102 360 2193 είχε
377 2105 501 2193 τάχους
519 2107 636 2191 ἐξῆχεν
653 2105 706 2173 ἐπὶ
724 2102 803 2185 τοὺς
819 2107 1085 2192 διεσπαρμένους

67 2213 122 2279 ἐπὶ
145 2209 204 2292 τὰς
221 2211 402 2300 προνομάς.
442 2209 641 2292 ἀποκτείνας
664 2210 702 2281 δὲ
724 2209 870 2292 πολλοὺς
892 2208 1005 2280 αὐτῶν
1027 2211 1083 2278 καὶ
1102 2217 1123 2283 3

64 2316 131 2406 τὴν
154 2324 248 2388 λείαν
277 2315 365 2404 ὅσην
391 2309 476 2405 ἦγον
504 2315 712 2406 ἀφελόμενος
740 2314 838 2404 ἐγγὺς
864 2321 923 2405 τῆς
945 2319 1083 2386 ἐκείνων

64 2428 281 2515 παρεμβολῆς
303 2431 432 2494 τίθεται
455 2421 516 2493 τὸν
543 2424 672 2512 χάρακα
698 2425 754 2492 καὶ
778 2421 943 2493 διαλιπὼν
967 2421 1081 2510 ὀλίγας
1097 2446 1123 2487 ιο

63 2530 163 2613 τινάς
184 2530 321 2621 ἡμέρας,
345 2534 407 2611 ἕως
428 2529 450 2620 ῆ
472 2557 507 2600 τε
530 2528 630 2618 λοιπὴ
651 2530 795 2618 δύναμις
818 2533 854 2599 ἐκ
875 2533 934 2618 τῆς
956 2529 1085 2610 πόλεως

68 2639 158 2728 πρὸς
180 2636 283 2708 αύτδν
307 2639 445 2725 ἀφίκετο
467 2638 523 2706 καὶ
546 2640 584 2705 αί
603 2635 693 2726 παρὰ
715 2641 784 2706 τόν
808 2635 992 2725 συμμάχων
1016 2639 1084 2705 ἐπι·

66 2749 206 2833 κουρίαι
238 2743 475 2833 συνήχθησαν,
511 2744 708 2830 κατέβαινεν
740 2746 787 2824 είς
813 2741 856 2826 ,τὸ
888 2746 1006 2813 πεδίον
1039 2741 1085 2825 ως

5 2877 8 2886 ·
66 2850 312 2940 μαχησόμενος.

158 2957 292 3025 LXIIII.
325 2955 471 3036 Ἰδόντες
498 2955 536 3024 δὲ
562 2952 643 3036 τοὺς
664 2952 849 3043 Ῥωμαίους
877 2960 912 3024 οί
936 2962 1082 3043 Σαβῖνοι
1097 2985 1124 3027 ω

65 3063 256 3151 προθύμως
279 3064 333 3132 ἐπὶ
358 3062 420 3132 τὸν
446 3061 563 3150 ἀγῶνα
585 3066 779 3151 χωροῦντας
806 3065 925 3151 ἐξῆγον
948 3065 1003 3132 καί
1026 3063 1083 3132 αύ-

66 3171 124 3240 τοὶ
146 3167 206 3250 τάς
233 3169 394 3258 δυνάμεις
422 3169 499 3240 ούτε
526 3169 649 3256 πλῆθει
676 3166 870 3257 λειπόμενοι
895 3173 964 3238 τῶν
987 3179 1084 3239 πολε-

142 3372 158 3422 3
177 3362 314 3436 κειμένην
332 3365 379 3422 Bb
394 3368 423 3422 et
436 3365 540 3422 Reiske
558 3365 693 3437 κειμένου
707 3364 783 3420 ΒοΒ
837 3373 853 3421 ὅ
872 3384 894 3419 π
912 3370 1021 3422 οειπεῑν
1034 3365 1082 3420 AB

67 3438 169 3494 ‘lanto
188 3434 307 3506 στρατὸν
326 3435 450 3508 spatium
468 3437 551 3492 unius
569 3436 646 3494 vocis
665 3438 692 3492 A
763 3438 871 3507 8φίλω
931 3432 1044 3508 Ιέχθρά
1058 3438 1084 3492 Α

67 3517 103 3565 17
125 3508 350 3580 διεσπασμένους
368 3510 393 3563 Α
464 3515 498 3565 22
518 3506 551 3564 αἱ
568 3526 621 3565 om.
640 3509 664 3563 B

124 3615 225 3658 mom.
238 3617 302 3658 Han.
316 3617 335 3658 Ι.
354 3627 393 3660 ιο.
406 3617 509 3660 δεσυντ.
888 3601 923 3653 ²5
