2408 3928
463 217 629 268 -Γ..

28 376 207 462 δοκοῦμεν
229 370 370 462 ἀμεινον
393 369 489 464 ῦμῦν
511 373 685 465 πράττειν)
707 373 895 446 παύσαιντο
920 374 959 443 δὲ
975 372 1056 445 Ῥω-

28 495 129 568 μαῖοι
155 479 203 550 δι’
223 479 370 565 ὑποψίας
393 487 525 570 ἔχοντες
544 479 729 569 Ἀλβανοῦς
751 478 797 562 ὡς
820 481 1056 569 ἐπιβουλεύον-

28 615 83 669 τας
125 587 187 658 ἀεῖ
215 607 312 677 σφισι
343 590 399 658 καλ
430 587 678 677 φυλαττόμενοι
709 589 864 677 καθάπερ
897 589 1055 678 ἐχθρούς·

31 693 65 764 ού
92 695 169 783 γάρ
194 691 238 764 ἀν
260 698 393 783 γίνοιτο
412 701 556 784 βεβαίως
574 703 673 785 φίλος
694 701 740 791 τῷ
759 700 916 786 μισοῦντι
935 695 1057 776 ούδείς.

31 805 100 884 πῶς
134 795 202 872 οὖν
229 803 406 891 γενήσεται
432 802 562 874 τούτων
591 802 764 893 ἑκάτερονς
793 801 855 872 ούκ
887 802 947 874 ἐὰν
974 803 1083 895 ypsi-5

33 924 155 998 ύωμεν
186 905 271 979 αύτά
297 912 335 979 ἐν
367 923 439 991 ταῖς
468 907 663 999 ὁμολογίαις
690 907 766 980 οὐδ’
791 908 852 980 έάν
879 909 1056 999 ὀμόσωμεν

34 1015 227 1105 ἀμφότεροι
248 1019 327 1086 καθ’
354 1021 470 1107 ἱερῶν,
498 1017 629 1108 (μικραί
655 1017 721 1106 γάρ
749 1007 852 1086 αὗταί
873 1045 912 1104 γε
935 1021 974 1085 αί
993 1044 1056 1105 φυ-

36 1124 136 1192 λακαὶ
159 1125 218 1192 καί
240 1121 412 1212 ἀσθενεῖς)
435 1119 508 1191 ἀλλ’
535 1122 595 1192 ἐὰν
622 1121 740 1203 κοινάς
767 1121 973 1212 ἡγησώμεθα
999 1121 1058 1204 τάς

40 1230 197 1320 ἀλλήλων
224 1230 335 1319 τύχοις.
385 1233 423 1299 δν
450 1230 514 1318 γάρ
547 1231 617 1300 ἐστι
648 1229 773 1319 μόνον,
804 1223 831 1300 ὦ
862 1231 1058 1319 Φουφέττιε,

42 1338 145 1426 λύπης
170 1339 390 1427 ἀνθρωπίνης
413 1336 462 1406 ἐπ’
489 1334 678 1426 ἀλλοτρίοις
705 1336 850 1426 ἀγαθοῖς
876 1338 1058 1425 γινομένης
1072 1361 1098 1402 ιο

40 1444 136 1532 ἀκος,
163 1443 201 1514 τὸ
231 1447 350 1532 μηκέτι
377 1442 457 1526 τούς
489 1448 708 1532 φθονοῦντας
735 1442 895 1534 ἀλλότρια
921 1442 963 1512 τά
988 1447 1059 1514 τῶν

39 1554 296 1640 φθονουμένων
323 1549 439 1638 ἀγαθὰ
465 1549 633 1638 ἡγεῖσθαι.
683 1555 741 1620 ἵνα
769 1549 812 1640 δὴ
839 1555 938 1621 τοῦτο
961 1549 1098 1638 γένη-6

39 1686 105 1747 ται,
124 1657 311 1747 Ῥωμαίους
328 1657 391 1747 μὲν
414 1655 508 1746 οἶμαι
527 1661 601 1728 δεῖν
623 1662 672 1739 είς
689 1656 727 1727 τὸ
745 1656 865 1727 κοινὸν
885 1656 1060 1746 Ἀλβανοῖς

39 1777 158 1836 θεῖναι
184 1765 295 1836 πάντα
322 1764 387 1835 ὅσα
413 1792 449 1835 τε
475 1769 541 1835 νῦν
570 1771 684 1854 έχουσι
711 1765 768 1834 καὶ
795 1759 897 1846 αῦθις
925 1767 1060 1850 ἕξουσιν

41 1873 169 1961 ἀγαθά,
188 1870 373 1960 ’Ἀλβανούς
396 1871 434 1940 δὲ
456 1871 633 1961 ἀγαπητῶς
654 1869 696 1940 τά
713 1871 877 1959 διδόμενα
901 1875 1061 1960 δέχεσθαι
1075 1887 1101 1930 1⁶

2 1982 120 2050 40·οκαο
134 1981 297 2067 γενέσθαι
329 1979 472 2068 μάλιστα
504 1977 565 2066 (μδ
566 1976 664 2065 ν>“
642 2001 791 2060 απαντας
827 1977 928 2067 ὑμᾶς,
960 1984 992 2048 εί
1023 1978 1061 2048 δὲ

45 2089 87 2176 μή
120 2115 159 2175 γε
191 2086 271 2169 τοῦς
306 2092 486 2167 πλείστους
520 2111 556 2154 τε
591 2084 702 2154 καῖ’
683 2113 726 2174 αρ
729 2091 842 2167 ίστους
876 2083 973 2173 ῦμῦν
1002 2113 1062 2173 της

41 2193 214 2283 Ρωμαίων
237 2193 365 2274 πόλεως
383 2192 569 2283 οἰκήτορας.
611 2191 653 2261 ού
670 2191 735 2282 γάρ
754 2191 797 2281 δη
816 2191 1062 2324 Σαβίνριςμν

47 2302 99 2370 καὶ
135 2308 325 2391 Τυρρηνοῖς
356 2304 466 2380 καλως
503 2297 592 2388 εἶχεν
629 2302 801 2368 ἐκλιποῦσι
836 2298 896 2380 τάς
932 2301 1062 2369 ἑαυτῶν

48 2409 158 2490 πόλεις
180 2410 391 2496 μεταθέσθαι
413 2406 492 2488 τοὺς
517 2403 662 2494 βίους’
639 2433 685 2486 ως
706 2404 807 2495 ημᾶς,
830 2404 911 2495 ὑμῖν
936 2405 1018 2476 δὲ”
996 2434 1063 2494 αρα
1077 2431 1103 2473 εο

50 2529 115 2596 τοῖς
148 2514 425 2603 συγγενεστάτοις
455 2512 494 2584 τὸ
532 2511 613 2582 αύτὸ
649 2519 749 2584 τοῦτο
781 2514 968 2603 γενόμενον
1001 2512 1063 2600 ούχ

53 2623 112 2703 ἕξει
134 2627 259 2704 καλῦςς
284 2627 315 2691 εί
338 2619 369 2689 δ’
392 2619 453 2692 οῦκ
477 2619 632 2702 ἀξιώσετε
653 2626 733 2708 μίαν
758 2627 863 2690 οἰκεῖν
881 2620 982 2690 πόλιν
1000 2618 1100 2707 vimi

54 2724 211 2817 ἡμετέραν
235 2727 384 2817 μεγάλην
406 2754 442 2797 τε
467 2720 574 2796 οὖσαν
597 2725 663 2815 ἤδη
687 2728 743 2795 καὶ
766 2731 815 2796 έτι
837 2731 967 2815 μᾶλλον
990 2729 1063 2796 ἐσο-

56 2837 170 2923 μένην,
200 2832 285 2903 ἀλλά
313 2833 562 2923 φιλοχωρήσετε
592 2846 663 2913 τοῖς
693 2832 861 2926 πατρῴοις
888 2835 1064 2929 ἐφεστίοις,

59 2941 156 3010 ἐκεῖνό
180 2943 221 3028 γέ
241 2967 294 3010 τοι
316 2940 490 3029 ποιήσατε·
521 2939 766 3029 βουλευτήριον
794 2943 832 3008 ἓν
858 2938 1064 3028 ἀποδείξατε,
1079 2965 1105 3008 εε

60 3041 137 3115 δτά
164 3049 384 3137 συμφέροντα
415 3045 498 3134 ὑπὲρ
532 3049 687 3134 ἑκατέρας
717 3047 895 3135 βουλεύσει
926 3049 1065 3135 πόλεως,

123 3283 189 3354 4εβ
192 3281 280 3354 βαίως
297 3281 321 3335 Β
339 3277 454 3352 βέβαιος
468 3280 493 3334 R
509 3274 547 3349 Ι’
530 3279 696 3334 ἀπιστοῦντι
715 3295 738 3333 ο.
753 3278 891 3334 Bucheler
945 3284 961 3332 9
975 3297 1065 3349 μονον

65 3352 151 3405 οοι.Α
232 3346 437 3409 11τάοια.Α
521 3356 553 3405 10
573 3348 789 3419 μὲνΒοω.10
871 3355 905 3404 16
924 3347 1066 3419 μλνεδδ.

65 3417 187 3490 Meineko,
206 3423 297 3478 Cobet
315 3421 379 3478 Obs.
398 3440 426 3493 p.
446 3427 481 3478 00
554 3427 588 3477 22
608 3421 720 3492 signum
742 3370 972 3492 interrogationis
992 3420 1065 3476 Smii

67 3487 120 3549 Obs.
137 3512 162 3564 p.
182 3494 311 3563 9posuii
383 3500 419 3548 24
438 3490 470 3548 έν
488 3499 547 3556 τοῖς
565 3511 594 3549 π.
614 3509 637 3548 ο.
657 3491 814 3562 Stephanus
