2404 3918
451 223 617 274 -Γ-
977 215 1041 282 337

28 371 86 462 ὑφ’
113 375 270 465 ἑκατέρας
298 380 351 447 ἐπὶ
376 377 540 449 τάναντία
568 376 586 448 ὁ
611 382 757 457 δείλαιος
779 379 817 446 έν
842 375 945 469 ὀλίχῳ
970 381 1042 447 δια-

29 487 148 551 σπᾶται
182 484 304 576 χρόνῳ.
353 488 499 566 Μέττιος
531 485 592 574 μὲν
626 483 668 572 δὴ
699 485 908 571 Φουφέττιος
937 483 1082 566 ούτωςλ

30 593 161 677 οίκτρᾶς
183 593 240 660 καὶ
263 589 454 680 ἀσχήμονος
480 596 636 679 τελευτῆς
664 597 773 680 ἔτυχε,
800 606 871 672 τοῖς
900 589 930 658 δ’
958 593 1042 660 ἑταί-

30 722 97 783 ροις
119 695 227 766 αὐτοῦ
249 699 306 766 καί
329 698 505 768 συνειδόσι
531 697 593 788 τὴν
621 702 809 788 προδοσίαν
834 696 966 783 [αὐτοῦ]
992 702 1042 766 δι-

19 802 194 892 εκαστήρια
218 801 236 873 δ
259 804 417 892 βασιλεὺς
434 812 579 887 καθίσας
600 805 682 887 τούς
704 803 849 884 ἁλόντας
872 805 905 886 ἐξ
929 801 1069 874 αύτῶνε

31 908 106 978 κατά
132 907 197 980 τὸν
224 915 293 980 τῶν
320 915 546 982 λειποτακτῶν
578 939 615 982 τε
643 913 700 981 καὶ
726 914 905 1001 προδοτῶν
932 911 1041 1000 νόμον

34 1015 229 1088 ἀπέκτεινεν.

112 1128 234 1196 XXXI.
263 1125 320 1196 Ἐν
347 1119 375 1221 ᾦ
404 1126 442 1196 δὲ
468 1124 560 1197 ταῦτ’
587 1128 714 1213 ἐγίνετο
744 1127 872 1217 χρόνῳ,
901 1125 1042 1214 Μάρκος

32 1227 171 1318 Ὁράτιος
195 1231 214 1301 δ
238 1236 551 1322 προαπεσταλμένος
579 1232 660 1321 μετὰ
685 1238 755 1303 τῶν
784 1235 965 1303 ἐπιλέκτων
988 1233 1042 1302 ἐπὶ

41 1335 91 1422 τὴν
120 1345 325 1428 καθαίρεσιν
366 1345 426 1429 της
451 1338 577 1428 ’Ἁλβας
616 1343 740 1428 ταχέως
778 1338 943 1420 διανύσας
978 1337 1040 1427 τὴν
1056 1365 1082 1405 10

40 1440 109 1512 ὁδὸν
135 1447 193 1515 καὶ
216 1445 415 1534 καταλαβὼν
444 1446 551 1527 πύλας
578 1472 614 1515 τε
641 1444 836 1528 ἀκλείστους
857 1448 914 1516 καὶ
935 1461 1043 1534 τεῖχος

37 1549 222 1638 ἀφύλακτον
273 1552 418 1635 εὐπετῶς
462 1559 591 1641 γίνεται
641 1557 700 1642 τῆς
744 1553 872 1636 πόλεως
916 1555 1042 1644 κύριος.

37 1657 232 1748 συναχαχῶν
259 1660 298 1729 δὲ
324 1658 362 1730 τὸ
390 1664 522 1748 πλῆθος
549 1665 597 1740 είς
624 1662 802 1748 ἐκκλησίαν
828 1660 870 1729 τά
898 1687 932 1731 τε
960 1686 1042 1750 πρα-

37 1768 150 1850 χθέντα
172 1765 258 1837 κατὰ
280 1765 344 1856 τὴν
366 1767 478 1856 μάχην
501 1765 633 1838 ἅπαντα
657 1766 827 1855 ἐδήλωσεν
850 1766 964 1849 αὐτοῖς
986 1770 1042 1836 καὶ

36 1899 66 1940 το
91 1873 249 1963 ψήφισμα
274 1879 335 1962 τῆς
357 1872 531 1963 Ῥωμαίων
558 1878 686 1962 βουλῆς
716 1877 904 1962 διεξῆλθεν.
950 1873 1041 1944 ἀντι-

38 1980 222 2062 βολούντων
251 1981 289 2051 δὲ
318 1985 387 2050 τῶν
416 1979 612 2070 ἀνθρώπων
641 1981 698 2050 καὶ
726 1980 854 2071 χρόνον
886 1987 934 2062 είς
964 2006 1042 2069 πρε-

38 2091 142 2170 σβείαν
171 2091 383 2176 αἰτουμένων
416 2087 579 2176 οὐδεμίαν
611 2086 784 2176 ἀναβολὴν
816 2087 1043 2175 ποιησόμενος
1118 2087 1131 2135 ί

38 2189 85 2272 ιάς
112 2194 175 2282 μὲν
204 2199 313 2276 οίκίας
340 2196 396 2264 καὶ
426 2193 467 2264 τὰ
498 2200 589 2283 τείχη
622 2195 678 2264 καὶ
708 2203 743 2262 εί
769 2221 801 2262 τι
833 2193 916 2263 ἀλλο
944 2221 1042 2263 κατα-

39 2299 196 2390 σκεύασμα
221 2299 392 2371 ίδιοιτιιιδν
420 2298 440 2388 ἢ
464 2300 632 2388 δημόσιον
657 2294 702 2387 ἦν
725 2303 941 2386 κατέσκαπτε,
963 2300 1042 2381 τοὺς

39 2405 70 2473 δὲ
98 2406 304 2498 ἀνθρώπους
339 2407 421 2496 μετὰ
452 2411 579 2496 πολλῆς
615 2411 799 2495 φροντίδος
830 2410 1042 2497 παρέπεμπεν
1056 2429 1083 2470 2⁰

40 2517 78 2592 είς
92 2510 224 2603 Ῥῶμην
252 2514 397 2601 ἀχοντάς
424 2540 461 2583 τε
490 2513 530 2583 τόι
561 2516 691 2584 ἑαυτῶν
720 2513 871 2603 χρήματα
900 2516 956 2584 καὶ
984 2516 1042 2602 φέ-

41 2645 161 2703 ροντας·
195 2618 255 2702 οὓς
283 2619 301 2690 ό
329 2619 456 2701 Τύλλος
483 2619 690 2709 ἀφικόμενος
717 2617 783 2690 ἀπὸ
811 2617 1081 2710 στρατοπέδου3

39 2737 99 2807 ταῖς
116 2726 290 2818 Ῥωμαίων
318 2735 443 2816 φυλαῖς
471 2729 527 2797 καὶ
555 2727 720 2817 φράτραις
747 2730 928 2798 ἐπιδιεῖλεν
952 2727 1042 2816 οίκή-

42 2850 99 2914 σεις
119 2862 153 2905 τε
178 2837 485 2923 συγκατεσκεύασεν
505 2836 542 2902 έν
563 2828 613 2914 οἷς
635 2831 733 2902 αὐτοὶ
750 2838 965 2923 προηρούυτο
983 2839 1043 2922 τῆς

42 2938 155 3024 πόλεως
180 2942 297 3024 τόποις
323 2943 379 3011 καὶ
410 2945 469 3030 τῆς
497 2945 660 3029 δημοσίας
691 2945 753 3028 γῆς
778 2937 841 3027 την
870 2937 1042 3030 ἀρκοῦσαν
1057 2962 1083 3004 εε

20 3053 105 3127 θλιοϊς
129 3049 337 3138 θητεύουσιν
361 3050 395 3131 έξ
421 3047 535 3118 αύτῶν
564 3046 736 3137 ἀπεμέριζε
761 3063 835 3129 ταῖς
862 3074 897 3116 τε
925 3046 1044 3128 ἀλλαις

1061 1846 1082 1910 2

1058 1933 1082 1974 15

48 3276 278 3423 οοὶ)1(ἕ)τὶ)ε’ραςΑ
350 3275 554 3406 ὃὸἕλτιόροις
512 3279 589 3335 ΑΒε
635 3273 803 3406 {1413me
813 3279 867 3334 del
891 3277 1041 3420 KXiesgliffi,

48 3352 205 3504 21ἀχοντάς
212 3358 313 3480 Ιἀέὶμιοσ
334 3422 384 3478 καὶ
407 3366 685 3508 όῶάτῗάῗεζεοΑῳῶ.
709 3367 778 3491 ύάῐάλ.
803 3367 970 3508 ἀδῑάἀεμ.ᾯ
943 3429 973 3490 5,
992 3422 1043 3478 καὶ

48 3487 171 3558 φέροντας
192 3495 247 3552 del.
266 3493 408 3564 Kiessling
484 3500 518 3550 26
537 3488 726 3563 θηττευουσιν
744 3493 766 3546 Β
791 3463 1041 3562 τεθητεύονσινΡι

92 3599 163 3643 Βιυεο
133 3613 181 3646 ατε.
195 3605 260 3645 Hm.
273 3605 292 3646 L
306 3614 345 3645 nn
358 3603 460 3645 Meos.
848 3590 882 3639 22
