2412 3912
156 181 200 246 52
583 182 748 235 -Α-

156 341 193 410 δὲ
226 342 282 409 καὶ
316 341 496 429 Δήμητρος
529 338 621 428 ἱερὸν
657 340 713 407 καὶ
745 335 804 419 τάς
840 342 965 417 θυσίας
995 332 1071 423 αὐτή
1100 332 1143 400 διὰ

156 452 328 536 γυναικῶν
350 474 386 516 τε
406 447 461 515 καλ
476 451 665 534 νηφαλίους
679 451 821 530 ἔθυσαν,
845 441 889 524 ὡς
903 440 1038 528 Ἕλλησι
1051 441 1145 528 νόμος,

117 561 138 626 2
158 547 206 624 ὧν
230 552 332 624 οὐδὲν
356 552 374 624 ὁ
399 551 483 622 καθ’
509 552 595 641 ἡμᾶς
617 551 738 640 ήλλαξε
761 550 893 641 χρόνος.
933 547 1099 629 ἀπέδειξαν
1119 547 1146 613 δὲ
1189 623 1190 626 ¹

156 663 212 730 καλ
235 665 430 731 Ποσειδῶνι
457 661 595 747 τέμενος
612 657 729 751 Ἱππίφ
757 659 812 727 καὶ
834 656 898 745 τὴν
922 655 1042 744 ἑορτήν
1058 653 1147 722 Ἱππο·

129 767 291 857 σκράτεια
318 768 380 856 μὲν
407 765 468 836 ὑπ’
492 765 679 851 Ἀρκάδων,
698 764 926 834 Κωνσουάλια
950 763 987 832 δὲ
1010 760 1071 832 ὑπὸ
1087 760 1148 829 Ῥω·
1190 847 1191 850 ¹

156 881 266 963 μαίων
294 874 458 963 λεγόμενα
486 871 746 959 κατεστήσαντο,
776 875 813 941 ἐν
840 863 862 960 ᾗ
889 869 979 960 παρά
998 869 1150 958 Ῥωμαίοις

155 984 198 1070 ἐξ,
217 987 321 1062 ἔθους
349 981 545 1049 ἐλινύουσιν
573 985 682 1068 ἔργων
710 983 805 1048 ἵπποι
833 981 889 1047 καλ
913 978 1003 1068 ὀρεῖς
1025 979 1077 1046 καὶ
1098 977 1151 1044 στέ-

116 1094 136 1158 3
159 1116 282 1176 φονται
309 1087 367 1168 τδις
389 1086 535 1175 κεφαλάς
565 1085 698 1155 άνθεσι.
743 1085 850 1156 πολλὰ
878 1086 917 1155 δέ
939 1088 994 1154 καὶ
1019 1083 1098 1154 άλλα
1116 1109 1152 1150 τε·

156 1196 240 1282 μένη
263 1195 319 1262 καὶ
345 1191 482 1282 βωμοὺς
510 1194 566 1261 καὶ
593 1195 693 1281 βρέτη
715 1198 809 1262 θεῶν
832 1198 1074 1278 καθωσίωσαν,
1099 1187 1153 1275 ἁγι-

117 1323 144 1362 10
158 1301 264 1390 σμοός
285 1328 321 1370 τε
343 1303 399 1370 καλ
413 1304 538 1380 θυσίας
559 1301 804 1387 κατεστήσαντο
825 1307 997 1390 πατρίους,
1023 1306 1060 1368 αδ
1078 1304 1154 1387 μέχρι
1167 1305 1185 1354 θ

155 1411 224 1476 τῶν
246 1405 319 1476 κατ’
346 1407 402 1495 ἐμὲ
425 1406 560 1494 χρόνων
583 1406 643 1476 τὸν
667 1405 772 1476 αὐτὸν
787 1411 941 1495 ἐγίνοντο
963 1406 1100 1495 τρόπον.
1127 1399 1157 1470 οὐ

156 1512 371 1601 θαυμάσαιμι
396 1511 427 1580 δ’
452 1509 497 1582 διν
521 1517 552 1582 εί
571 1514 627 1581 καὶ
640 1519 819 1601 παρεῖνταί
833 1540 923 1594 τινες
946 1515 1158 1600 διαφυγοῦσαι

156 1618 220 1706 τήν
251 1623 320 1688 τῶν
354 1622 601 1707 ἐπιγινομένων
636 1620 772 1708 μνήμην
802 1618 868 1690 ὑπὸ
900 1624 962 1690 τοῦ
995 1621 1088 1688 πάνυ
1116 1615 1159 1701 ιἰρ-
1194 1684 1195 1716 χ

157 1731 274 1813 χαίον·
298 1722 366 1792 ἀλλ’
393 1723 569 1813 ἀποχρῶσί
589 1753 626 1813 γε
649 1729 687 1793 αλ
703 1731 769 1795 νῦν
793 1731 840 1796 ἔτι
859 1727 1039 1814 γινόμεναι
1061 1723 1160 1810 τεκμή-
1194 1793 1195 1806 ,

118 1852 144 1894 ιι
158 1859 215 1919 ρια
243 1828 330 1898 εἶναι
352 1834 422 1900 των
442 1829 649 1919 Ἀρκαδικῶν
672 1856 752 1903 ποτε
774 1838 950 1920 νομίμων·
979 1833 1163 1922 λεχθήσεται

119 1943 141 2007 4
162 1937 199 2006 δὲ
222 1938 298 2025 περὶ
321 1934 432 2007 αι’ποῖν
456 1939 509 2007 ἐπὶ
526 1947 644 2008 πλεῖον
668 1943 705 2008 έν
725 1940 858 2027 ἑτέροις.
890 1941 1049 2025 λέγονται
1069 1935 1165 2008 δὲκαὶ
1195 1979 1196 2030 i

157 2043 361 2132 γραμμάτων
393 2041 601 2130 Ἑλληνικῶν
638 2050 758 2133 χρῆσιν
795 2049 842 2125 είς
869 2043 1013 2114 Ἰταλίαν
1054 2048 1166 2132 πρῶτοι
1195 2035 1196 2042 ¹

158 2156 352 2238 διακομίσαι
384 2151 505 2219 νεωστὶ
537 2165 703 2238 φανεῖσαν
734 2149 890 2239 Ἀρκάδες
921 2153 977 2219 καὶ
1011 2147 1168 2239 μουσικήν

156 2257 219 2346 τήν
244 2256 289 2326 δι’
316 2255 485 2343 ὀργάνων,
508 2252 529 2323 δ
554 2255 595 2344 δή
619 2257 719 2348 λύραι
741 2259 851 2327 τεκαὶ
873 2263 1022 2345 τρίγωνα
1042 2260 1100 2327 καὶ
1119 2254 1167 2325 αὐ-

116 2389 145 2428 20
158 2366 211 2435 λοὶ
239 2369 436 2450 καλοῦνται,
464 2367 533 2432 τῶν
556 2368 729 2454 προτέρων
753 2364 804 2435 ότι
833 2363 877 2454 μή
909 2365 1042 2452 σύριγξι
1066 2391 1172 2452 ποιμε-

157 2485 268 2550 νικαῖς
300 2469 416 2538 οὐδενὶ
448 2469 540 2561 άλλφ
573 2476 735 2558 μουσικῆς
764 2473 943 2560 τεχνήματι
981 2475 1171 2559 χρωμένων,

158 2577 286 2664 νόμους
307 2602 343 2644 τε
366 2579 495 2646 θέσθαι
518 2578 573 2644 καλ
595 2575 657 2663 τήν
681 2581 813 2647 δίαιταν
837 2581 873 2646 έιι
894 2583 956 2648 τοῦ
978 2578 1174 2668 θηριώδους

159 2684 212 2752 ἐπὶ
235 2690 392 2750 πλεῖστον
416 2686 464 2761 είς
486 2679 672 2769 ἡμερότητα
695 2697 893 2770 μεταγαγεῖν
920 2686 1040 2773 τέχνας
1063 2713 1101 2755 τε
1124 2684 1173 2753 καὶ

160 2787 404 2876 ἐπιτηδεύματα
426 2788 482 2856 καὶ
501 2785 586 2855 ἄλλοι
608 2788 715 2856 πολλά
739 2817 815 2858 τινα
839 2788 1043 2878 ὠφελήματα
1067 2798 1119 2875 είς
1140 2790 1196 2866 τὸν

232 2956 247 3003 2
267 2949 333 3018 posi
350 2948 400 3001 καί
419 2946 554 3002 excidisse
573 2949 685 3001 παίδων
709 2949 755 3002 vel
777 2951 869 3018 κορῶν
892 2954 988 3006 censet
1007 2951 1181 3014 Ambrosch;

159 3038 196 3075 an
214 3019 352 3088 νυμφῶνλ
444 3014 609 3074 4ποσιδόνι
636 3019 705 3086 Bal
731 3016 903 3088 ίπποιιράτια
921 3023 947 3075 Α
976 3017 1182 3091 ίπιιόιιρατιιΒ

196 3097 212 3146 5
235 3086 292 3145 ὑπὸ
322 3084 457 3158 άριιάδων
486 3091 508 3144 Β
534 3092 538 3158 Ι
562 3085 735 3143 κονσουάλια
760 3089 807 3144 Bb
879 3091 1071 3162 δλεγομένην
1094 3090 1183 3146 Cobet

161 3161 225 3217 Obs.
246 3181 272 3232 p.
288 3167 322 3216 28
379 3166 393 3214 7
415 3155 590 3215 έλλινάουσιν
608 3160 654 3214 Bb
719 3164 939 3217 9ιιαθωσίωσεν
958 3163 999 3217 Ba
1055 3169 1091 3216 12
1113 3183 1185 3232 παρ-

160 3237 251 3289 lema
269 3234 292 3287 B
371 3239 403 3286 13
423 3227 479 3286 ἀπὸ
510 3231 532 3285 0
552 3248 622 3286 corr.
647 3230 737 3286 Cobet
755 3231 820 3286 obs.
845 3251 871 3302 p.
891 3240 925 3288 εο
1004 3239 1039 3287 14
1057 3231 1094 3287 αι
1117 3238 1185 3288 Am-

160 3304 261 3359 brosch
283 3302 333 3356 κοιλ
358 3302 380 3356 O
414 3304 464 3360 καλ
487 3301 519 3355 αἱ
540 3319 562 3356 ο.
593 3302 752 3371 Stephanus
781 3301 814 3356 αλ
833 3304 882 3358 καλ
905 3322 928 3359 ο.
947 3304 1077 3374 Reisksl
1108 3300 1187 3375 γινό-

161 3393 233 3442 μενα
245 3373 296 3427 ΑΒ
351 3379 384 3428 19
404 3372 555 3439 τρίτωναΒ
572 3374 575 3438 Ι
593 3367 675 3426 αὐλοὶ
694 3373 867 3428 Camerarius
886 3374 1003 3430 λυδολΟ
1059 3381 1098 3430 24
1119 3373 1187 3431 τινά

161 3440 249 3496 πολλὰ
268 3443 369 3511 (CDE)
389 3443 555 3496 alterutrum
573 3441 628 3495 del.
647 3441 750 3495 Roisko
