2408 3928
459 231 625 284 ..Β-

54 392 167 476 μᾶλλον
189 385 209 476 ή
226 387 403 478 Ῥωμαίοις
426 387 605 477 ἁρμόττειν
623 387 876 477 ὑπελάμβανον·
894 384 1053 475 Ῥωμαίοι
1071 389 1092 453 3

54 495 85 563 δὲ
109 494 204 564 οὐδὲν
232 487 336 584 ήττον
363 494 448 565 ἀλλὰ
479 498 535 566 καί
563 500 693 583 μᾶλλον
721 499 790 565 τῶν
814 500 978 582 Σαβίνων
1006 499 1053 574 είς

53 601 164 690 πολλήν
186 601 333 691 ἀπορίαν
357 606 534 674 ἐνέπιπτον
558 602 628 673 ὅτι
650 603 832 692 χρήσαιντο
855 616 926 681 τοῖς
947 599 1052 690 πρόγ-

54 727 148 795 μασιν.
202 707 280 778 οότε
311 707 376 799 γὰρ
409 708 614 780 ἀποδιδόναι
646 707 705 790 τὰς
735 722 898 796 γυναῖκας
933 706 1052 794 ἠξίουν

54 813 116 882 οότε
135 818 299 904 κατέχειν·
326 820 373 910 τῷ
397 816 459 905 μὲν
481 808 586 904 ήτταν
610 817 888 904 ομολοχουμένην
911 813 1052 884 ἀκολου
1079 837 1093 882 ε

53 929 117 990 θείν
146 921 299 1010 οίόμενοι
330 924 387 992 καί
420 922 607 1011 ἀναγκαῖόν
640 942 758 1011 σφισιν
790 922 954 1011 ἐσόμενον
984 925 1052 991 πᾶν

54 1024 114 1096 ότι
138 1023 182 1097 ἂν
210 1028 294 1099 ἄλλο
324 1032 551 1118 ἐπιταχθῶσιν
578 1028 777 1119 ὑπομένειν,
804 1032 850 1120 τῷ
881 1027 919 1097 δὲ
945 1025 1053 1107 πολλὰ

52 1135 96 1201 καί
117 1133 210 1206 δεινὰ
230 1138 359 1206 ἐπιδεῖν
377 1163 489 1225 χωρας
505 1164 541 1206 τε
559 1138 801 1225 πορθουμένης
819 1135 875 1204 καὶ
896 1132 1054 1220 νεότητος

55 1243 99 1326 ιής
121 1249 299 1331 κρατίστης
326 1243 574 1333 ἀπολλυμένης·
606 1246 683 1334 περὶ
714 1249 829 1333 φιλίας
860 1269 895 1311 τε
923 1246 954 1309 εί
981 1244 1053 1310 δια-

53 1348 187 1432 λέγοιντο
214 1348 300 1439 πρὸς
327 1348 407 1431 τοὺς
433 1357 621 1438 Σαβίνους,
650 1348 791 1430 οὐδενὸς
813 1347 1052 1436 ὑπελάμβανον
1067 1371 1094 1414 ιο

51 1453 213 1536 τεύξεσθαι
250 1461 320 1527 τῶν
357 1463 502 1545 μετρίων
541 1455 598 1527 διὰ
630 1455 738 1526 πολλὰ
775 1456 836 1545 μὲν
869 1456 925 1524 καὶ
957 1452 1053 1539 ἄλλα,

51 1559 179 1645 μάλιστα
208 1561 240 1630 δ’
267 1562 319 1634 ὅτι
342 1579 415 1644 ταῖς
437 1563 637 1644 αὐθαδείαις
660 1561 702 1632 οὐ
728 1561 904 1651 μετριότης
925 1567 1054 1648 γίνεται

8 1666 124 1753 νεοπρδς
145 1668 183 1740 τὸ
215 1668 402 1740 ἀντίπαλον
435 1671 488 1740 έπὶ
516 1675 699 1758 θεραπείας
727 1667 939 1759 τραπόμενον
970 1664 1054 1736 ἀλλὰ

47 1773 191 1862 λειότης·

124 1883 292 1952 XXXXV.
322 1880 379 1952 Ἐν
407 1875 435 1975 ᾧ
459 1884 498 1952 δὲ
528 1882 714 1972 ἀμφότεροι
740 1885 845 1952 ταῦτα
868 1878 1054 1966 διαλογιζό-
1069 1901 1094 1944 ιι

47 2013 132 2071 μενοι
162 1989 221 2056 καὶ
255 1987 332 2058 οὔτε
364 1989 472 2078 μάχης
503 1989 619 2077 ἄρχειν
651 1992 840 2077 τολμῶντες
870 1986 946 2057 οὔτε
978 1986 1055 2074 περὶ

46 2099 148 2179 φιλίας
177 2095 415 2184 διαλεγόμενοι
441 2105 623 2185 παρεῖλκον
655 2095 716 2166 τὸν
744 2093 885 2184 χρόνον,
918 2095 956 2160 αί
975 2090 1054 2160 Ῥω·
1104 2149 1107 2156 .

47 2205 143 2284 μαίων
174 2216 334 2288 γυναῖκες
357 2201 435 2272 ὅσαι
463 2208 525 2274 τοῦ
552 2208 715 2290 Σαβίνων
746 2202 931 2287 ἐτύγχανον
955 2189 1055 2266 οὖσαι

47 2307 171 2394 γένους,
206 2307 251 2376 δι’
279 2306 319 2390 δὶς
346 2308 364 2379 δ
393 2310 539 2398 πόλεμος
568 2308 793 2396 συνειστήκει,
824 2307 1054 2374 συνελθοῦσαι

48 2415 111 2501 δι’χα
137 2419 209 2485 τεόν
239 2413 379 2504 ἀνδρῶν
407 2422 456 2497 είς
485 2420 522 2486 ἓν
550 2422 675 2504 χωρίον
703 2416 759 2483 καὶ
787 2411 892 2500 λόγον
921 2412 1054 2491 ἑαυταῖς
1067 2433 1094 2474 νο

47 2521 156 2590 δοῦσαι
180 2522 323 2611 γνώμην
352 2523 553 2611 ἐποιήσαντο
583 2527 821 2610 συμβατηρίων
849 2517 951 2607 ἄρξαι,
969 2517 1054 2606 πρὸς

46 2624 249 2756 ἀμφοτέρους
277 2629 376 2699 αὐταὶ
402 2628 525 2717 λόγων.
571 2627 592 2716 ή
617 2628 655 2697 δὲ
681 2632 783 2697 τοῦτο
806 2621 1094 2714 είσηχησαμένη2

46 2731 74 2801 τὸ
103 2735 280 2823 βούλευμα
315 2749 389 2816 ταῖς
424 2736 580 2823 γυναιξίν
607 2732 759 2822 Ἑρσιλία
795 2732 857 2821 μὲν
895 2736 1054 2820 έκαλείτο,
1117 2815 1155 2874 V„

47 2841 212 2922 ν’ένουςδ
231 2839 293 2910 οόκ
285 2840 474 2945 ἆφανοῦς
491 2833 535 2928 ἦν
554 2843 591 2909 έν
611 2846 784 2928 Σαβίνοις.
826 2839 999 2928 ταύτηνδ
1022 2829 1145 2909 οί

7 3047 8 3052 ¹
48 2948 97 3029 μέν
116 2967 202 3036 φασι
222 2950 460 3036 γεγαμημένην
483 2946 549 3036 ήδη
569 2944 633 3016 σὺν
652 2962 725 3026 ταῖς
743 2946 861 3027 αλλαις
879 2944 1054 3036 διρπασθή-
1069 2967 1095 3008 2⁵

7 3189 8 3198 ,
108 3138 215 3198 2αλλοι
235 3145 286 3198 καὶ
310 3145 416 3214 μᾶλλον
438 3143 492 3198 del
517 3142 617 3197 Garrer
640 3142 756 3212 Obmp.
883 3141 1055 3230 ὅκατέχειν

51 3204 216 3270 λδόναντοο.
227 3215 340 3288 ΒεὶεΙτο,
356 3213 487 3285 κατέχειν
502 3209 624 3302 εἷχονο.
632 3211 721 3268 cobet
731 3213 837 3282 Obsp.
854 3220 888 3269 48
941 3221 974 3268 10
988 3210 1056 3276 τοδς

51 3280 135 3339 Βοω.
152 3287 178 3340 R
263 3271 296 3341 12
317 3235 480 3412 οίχλθαδείας
500 3279 688 3370 ευτνχοόσαις
712 3301 735 3340 ο.
754 3285 857 3340 Reiske
883 3280 928 3353 Ιέ
930 3305 963 3353 χχ
965 3285 1056 3340 νεται

7 3367 8 3386 ³
51 3353 169 3414 &Cobet
193 3355 312 3427 Obs.p.
445 3363 479 3412 18
498 3349 605 3410 όοαιΒ
629 3353 703 3410 αἳΙί
768 3361 816 3410 19
836 3373 967 3425 σννειστη
960 3354 1056 3411 κειΒ

51 3419 160 3494 εἱστήκει
177 3429 204 3483 R
283 3375 317 3483 22
338 3417 466 3482 αόναιΒ
490 3444 544 3483 om.
563 3428 589 3480 R
616 3421 703 3481 αόταλ
721 3425 878 3482 Ambroseh
958 3431 992 3482 23
1013 3422 1056 3497 ἐρ

7 3541 8 3546 ,
51 3511 75 3547 σι
75 3497 114 3550 λία
130 3497 155 3551 Α
174 3495 301 3570 ἕρσιλεία
319 3499 342 3553 Β
362 3501 391 3554 et
409 3497 449 3554 sic
468 3514 578 3568 semper
