2408 3928
462 217 627 271 -Β-
983 213 1049 282 247

51 378 127 464 θεῷ·
157 375 393 464 διαιρούμενοί
414 402 451 445 τε
479 379 555 466 διχῇ1
582 374 623 444 τά
652 373 724 465 ίερά
754 376 810 445 καί
837 373 878 444 τά
905 374 967 464 μὲν
995 372 1055 444 αύ-

51 485 110 548 τύν
138 478 235 550 κοινά
265 486 444 563 ποιοῦντες
474 483 530 552 καλ
562 481 731 568 πολιτικοί,
762 482 803 552 τά
832 481 870 550 δέ
900 486 971 550 ίδια
998 483 1054 550 καί

53 588 234 675 συγγενικά,
268 585 313 657 δι’
344 588 446 678 ἄμφω
477 589 582 660 ταῦτά
616 608 700 676 φασι
736 586 864 676 πολλὴν
901 585 1075 675 ἀνάγκην.

53 693 126 762 τίνοι
147 701 193 788 τῷ
212 694 372 789 Ῥωμύλῳ
396 697 521 784 ταύτην
541 698 653 783 σέβειν
676 693 738 784 τὴν
757 694 853 764 θεόν.
894 693 972 764 οὔτε
989 693 1053 784 γάρ
1073 700 1094 764 2

52 799 302 892 ἀναγκαιότερον
340 802 539 892 ἀνθρώποις
575 800 678 872 οὐδέν
719 799 807 872 εἶναι
843 806 902 890 τῆς
937 805 1081 889 κοινῆςε

53 908 146 990 ἑστίας
169 908 247 979 οὔτε
268 914 316 1002 τῷ
331 908 490 1002 Ῥωμύλῳ
513 907 596 979 κατὰ
621 908 784 998 διαδοχὴν
807 909 929 996 γένους
953 907 1054 978 οὐδέν
1100 905 1104 916 ’

52 1016 242 1105 οἰκειότερον
274 1017 456 1107 προγόνων
488 1015 550 1104 μὲν
581 1014 767 1106 ὑπάρχοντι
798 1021 867 1087 τῶν
896 1020 929 1099 ἐξ
953 1015 1056 1087 Ἰλίου

51 1120 83 1189 τὰ
101 1127 155 1210 τῆς
177 1129 264 1205 θεᾶς
287 1122 361 1213 ίερά
384 1127 693 1213 μετενεγκαμένων,
716 1122 840 1212 μητρὸς
865 1124 902 1194 δὲ
925 1128 1055 1213 ίερείας.

55 1231 161 1299 ἐοίκασι
191 1229 224 1299 δ’
251 1234 287 1299 οί
313 1229 371 1300 διά
397 1236 502 1300 ταῦτα
528 1230 591 1320 τὴν
619 1236 756 1320 ἵδρυσιν
779 1236 841 1301 τοῦ
865 1235 959 1321 ίεροῦ
977 1228 1055 1300 Ῥω-

53 1333 128 1426 μύλῳ
160 1341 293 1425 μᾶλλον
326 1337 544 1420 ἀνατιθέντες
574 1335 596 1427 ἢ
624 1337 741 1429 Νόμῳ,
772 1336 810 1408 τὸ
843 1337 905 1426 μέν
935 1336 1054 1406 κοινὸν
1070 1369 1096 1409 ιο

51 1439 148 1529 ὀρθῶς
170 1447 301 1531 λέγειν,
325 1443 377 1513 ὅτι
400 1445 529 1526 πόλεως
553 1447 761 1533 οἰκιζομένης
783 1445 897 1514 ἑστίαν
919 1449 1054 1533 πρῶτον

50 1553 105 1618 ἔδει
135 1554 326 1638 ίδρνθῆναι
357 1554 414 1622 καί
445 1557 549 1622 ταῦτα
577 1549 634 1621 ὑπ’
665 1550 791 1639 ἀνδρὸς
821 1550 883 1620 ούκ
912 1549 1054 1638 ἀπείρου
1125 1565 1151 1594 ‘²

47 1661 96 1742 τῆς
114 1660 189 1748 περὶ
214 1657 256 1728 τά
277 1668 358 1728 θεία
387 1665 524 1747 σοφίας,
551 1657 592 1728 τά
616 1658 654 1728 δὲ
679 1656 763 1746 κατὰ
792 1660 892 1746 μέρος
913 1656 998 1746 ὑπέρ
1021 1683 1056 1726 τε

46 1767 95 1850 τῆς
114 1769 323 1853 κατασκευῆς
348 1771 411 1835 τοῦ
438 1770 504 1834 νῦν
532 1764 631 1844 ὄντος
658 1768 752 1853 ίερού
782 1766 840 1833 καί
862 1768 931 1835 τῶν
953 1773 1056 1851 θερα-

46 1876 214 1941 πευουσῶν
250 1869 313 1960 τὴν
354 1870 440 1941 θεὸν
481 1875 665 1959 παρθένων
707 1870 919 1960 ἠγνοηκέναι.
979 1869 1056 1939 ούτε

46 1974 157 2065 γὰρτὸ
183 1984 313 2067 χωρίον
335 1982 436 2048 τοῦτο
465 1969 552 2070 ένῷ
583 1976 621 2046 τὸ
646 1975 739 2065 ίερὸν
764 1976 964 2064 φυλάττωσι
987 1981 1055 2064 πῦρ

42 2078 199 2171 Ῥωμύλος
227 2077 272 2172 ἦν
301 2082 319 2153 ὁ
347 2083 559 2172 καθιερώσας
586 2088 626 2173 τῇ
653 2089 725 2177 θεῷ
750 2085 848 2172 (μέγα
872 2083 910 2153 δὲ
931 2083 1056 2152 τούτου

44 2192 215 2282 τεκμήριον
252 2190 306 2262 ὅτι
344 2197 404 2279 τῆς
439 2191 654 2281 τετραγώνου
690 2193 899 2278 καλουμένης
929 2186 1057 2277 Ῥύμης

10 2291 84 2381 ιιίῆν
111 2301 242 2379 ἐκεῖνος
269 2301 429 2386 ἐτείχισεν
462 2297 555 2377 ἐκτός
587 2300 693 2382 έστιν,
708 2346 715 2360 .
728 2299 837 2376 ἑστίας
870 2295 908 2365 δέ
939 2300 1057 2383 κοινῆς

45 2404 126 2486 ἱερὸν
150 2408 190 2474 έν
213 2409 262 2496 τῷ
287 2411 452 2496 κρατίστῳ
476 2403 619 2491 μάλιστα
640 2403 888 2491 καθιδρύονται
914 2407 974 2490 τῆς
995 2401 1055 2471 πό·
1070 2433 1097 2474 εο

45 2516 115 2590 λεως
142 2510 307 2596 ἅπαντες,
336 2513 398 2594 ἔξω
426 2509 465 2578 δέ
491 2514 554 2579 τοῦ
580 2515 711 2597 τείχους
739 2507 864 2600 ούδείς)
894 2506 971 2578 οὔτε
1000 2506 1057 2577 διά

44 2620 220 2705 παρθένων
251 2615 313 2697 τὰς
347 2622 529 2704 θεραπείας
567 2615 789 2704 κατεστήσατο
821 2619 861 2704 τῇ
898 2619 969 2708 θεῷ
1002 2641 1058 2704 με-

45 2727 206 2811 μνημένος
239 2722 285 2804 ὡς
317 2725 391 2811 έμοί
424 2727 520 2792 δοκεῖ
547 2727 609 2791 τού
640 2722 716 2810 περὶ
747 2720 810 2810 τὴν
840 2724 966 2813 μητέρα
995 2723 1058 2791 πά-

45 2835 136 2916 θους,
163 2822 186 2921 ᾖ
216 2832 344 2918 συνέβη
371 2829 609 2919 θεραπευούσῃ
637 2826 698 2916 τὴν
726 2827 813 2898 θεὸν
839 2828 904 2916 τὴν
931 2840 1058 2920 παρθε-

45 2940 114 3004 νίαν
141 2935 346 3024 ἀποβαλεῖν,
381 2935 427 3015 ὡς
455 2935 517 3022 ούχ
545 2934 662 3015 ίκανὸς
689 2934 863 3023 ἐσόμενος,
897 2936 958 3006 έύν
980 2965 1058 3007 τινα
1072 2969 1098 3009 ετ

47 3044 104 3109 τῶν
130 3043 323 3131 θυηπόλων
356 3040 438 3132 εύρη
471 3045 744 3131 διεφθαρμένην,
772 3041 855 3111 κατὰ
885 3043 966 3124 τοὺς
998 3070 1059 3114 πα-

47 3153 151 3236 τρίους
181 3150 444 3240 τιμωρήσασθαι
476 3149 604 3237 νόμους
637 3146 694 3217 διὰ
725 3148 787 3237 τὴν
820 3151 874 3219 έπί
906 3165 980 3232 ταίς
1011 3157 1058 3222 οί-

47 3260 140 3337 κείαις
168 3271 363 3344 συμφοραῖς
386 3254 588 3343 ἀνάμνησιν.
628 3254 684 3323 διὰ
706 3260 811 3325 ταῦτα
834 3255 896 3344 μὲν
921 3256 964 3346 δὴ
989 3266 1100 3330 κοι-4

1076 1848 1096 1912 3

1071 1935 1097 1977 15

112 3494 127 3542 2
146 3491 206 3545 λ’δια
226 3506 281 3544 σοι.
301 3488 327 3542 A
400 3493 434 3542 25
453 3481 490 3549 ὡς
507 3486 530 3540 Β
549 3501 604 3542 om.
623 3487 649 3540 R
