2408 3928
455 247 490 258 -
528 219 555 272 Γ
588 247 623 257 -
980 213 1047 279 295
1194 267 1196 320 4

1195 327 1196 358 λ

40 375 100 463 τὴν
125 379 286 464 γενέσθαι
313 389 384 457 τοῖς
416 373 578 466 ἡγεμόσιν
611 378 724 447 αύτῦν
750 376 812 465 τὴν
839 378 908 445 τῶν
938 377 1048 461 ἐπιτη-
1195 363 1196 374 ¹

42 483 211 554 δειοτάτων
235 479 434 570 διάγνωσιν.
480 489 512 553 εί
532 483 598 572 γάρ
620 510 671 565 τις
692 474 737 571 ἦν
758 479 780 570 ἢ
802 483 955 568 πατέρων
978 473 1088 550 &uc-2

41 594 153 681 φανείη
175 589 328 680 λαμπρὸς
350 587 371 679 ἢ
392 590 545 679 σώματος
566 589 661 680 ῥύμη
681 587 864 678 διαπρεπὴς
886 585 907 677 ἢ
930 585 1047 684 πράξει

42 701 74 784 τῇ
99 695 178 766 κατά
206 711 302 788 χεῖρα
329 712 488 785 γενναῖος
514 693 535 786 ἢ
564 694 636 766 κατ’
662 695 769 784 ἄλλην
799 692 875 764 τινά
897 692 1002 782 τύχην
1025 688 1047 780 ἢ

43 803 155 890 τόλμαν
193 807 356 894 ἐπίσημος
388 802 509 875 ἐαυτὸν
544 804 642 892 ἠξίου
677 803 807 872 τάττειν
843 803 977 890 πρῦτον
1010 801 1075 868 ἐνῡ

43 923 101 990 τοῖς
126 917 227 999 τρισί
279 912 411 1000 ταύτην
437 914 491 982 ἐπὶ
520 909 608 981 πολὺ
634 914 813 999 χωροῦσαν
840 911 877 978 ἐν
904 906 1090 996 άμφοτέ-3

45 1044 104 1102 ροις
127 1033 199 1100 τοῖς
227 1017 453 1109 στρατεύμασι
481 1019 543 1107 τὴν
571 1022 767 1106 φιλοτιμίαν
795 1014 813 1084 ὁ
840 1019 908 1084 τῶν
934 1013 1049 1100 Ἀλβα-

46 1128 103 1192 νῦν
136 1129 263 1194 ἔπαυσε
304 1123 490 1213 στρατηγός
531 1125 754 1213 ἐνθυμηθείς,
792 1119 843 1190 ότι
883 1123 963 1188 δεία
998 1147 1050 1200 τις

49 1229 172 1316 πρόνοια
202 1234 240 1302 ἐκ
267 1235 398 1302 πολλοῦ
424 1231 646 1322 προορωμένη
678 1226 739 1299 τὸν
771 1229 935 1316 μέλλοντα
967 1244 1050 1314 συμ-

50 1335 195 1422 βήσεσδαι
224 1354 299 1421 ταῖς
325 1338 465 1409 πόλεσιν
493 1338 611 1426 ἀγῶνα
637 1335 716 1418 τοὺς
741 1332 1048 1423 προκινδυνεύσον-
1063 1348 1090 1390 ²⁰

47 1468 92 1522 τας
109 1441 192 1536 ῦπέρ
217 1445 333 1516 αῦτιῦν
355 1444 577 1516 κατεσκεύασε
605 1446 767 1532 γενέσθαι
795 1450 898 1510 οίκων
926 1466 961 1510 τε
989 1436 1051 1509 ούκ

46 1545 171 1635 άφανῦν
204 1555 264 1623 καὶ
291 1552 333 1623 τά
362 1555 507 1642 πολέμια
539 1549 691 1639 ἀγαθούς
723 1547 881 1636 ὀφθῆναί
908 1573 943 1616 τε
974 1552 1051 1614 καλ-

45 1661 162 1740 λίστους
185 1661 245 1730 καὶ
269 1659 312 1730 ού
334 1662 498 1748 γενέσεως
521 1656 640 1747 ὁμοίας
661 1659 731 1736 τοῖς
748 1660 887 1734 πολλοῖς
904 1658 1051 1740 μετειλη-

11 1762 153 1851 ιαφότας,
182 1764 271 1836 ἀλλὰ
304 1771 453 1836 σπανίου
484 1764 540 1834 καὶ
572 1764 770 1850 θαυμαστῆς
800 1758 857 1828 διὰ
884 1758 922 1828 τὸ
945 1757 1051 1846 παρά-

44 1871 139 1950 δοξον.
185 1869 329 1965 Ὁρατίῳ
362 1871 427 1959 γάρ
460 1897 528 1940 τινι
554 1866 704 1959 Ῥωμαίῳ
737 1867 792 1935 καὶ
822 1868 979 1957 Κορατίῳ
1012 1827 1093 1955 '51⁴5‘

42 1977 126 2060 γένος
157 1976 314 2072 Ἀλβανρῦ
351 1976 435 2048 κατά
471 1975 532 2047 τὸν
570 1973 674 2044 αὐτὸν
711 1972 838 2062 χρόνον
871 1969 1052 2058 ἐνεγγύησε

43 2087 223 2176 θυγατέρας
250 2084 418 2173 διδύμους
445 2088 601 2162 Σικίνιος
620 2078 789 2167 Ἀλβανός.
833 2077 966 2158 τούτοις
991 2074 1053 2163 άμ-

44 2192 187 2277 φοτέροις
216 2196 255 2261 οιί
278 2205 440 2280 γυναῖκες
467 2188 649 2277 ἐγκύμονες
675 2186 744 2275 άμα
771 2185 967 2274 γενόμεναι,
993 2181 1053 2263 τδις

43 2298 268 2382 πρωτοτόκους
291 2301 473 2387 ἐκφέρουσι
496 2293 601 2383 γονάς
624 2294 750 2385 άρρενα
767 2293 877 2380 βρέφη
896 2294 1054 2378 τρίδυμα,
1084 2299 1089 2312 “

43 2404 88 2470 καὶ
117 2403 205 2475 αὐτὰ
237 2403 289 2491 [ἃ]
323 2407 359 2474 ολ
388 2401 583 2492 γεινάμενοι
615 2397 698 2486 πρὸς
734 2401 860 2467 οἰωνοῦ
892 2396 1097 2484 λαβόντεςεο

44 2497 166 2592 ἀγαθοῦ
196 2512 254 2581 καὶ
284 2510 381 2581 πόλει
409 2511 467 2580 καλ
498 2517 579 2599 οίκῳ
610 2510 656 2598 τῷ
690 2507 840 2598 σφετέρῳ
868 2505 1053 2591 τρέφουσιν

45 2610 162 2687 ἅπαντα
190 2619 249 2686 καλ
276 2621 479 2688 τελειοῦσιν·
511 2611 594 2693 θεὸς
621 2611 653 2679 δ’
680 2609 809 2696 αὐτοῖς,
840 2609 951 2699 ὥσπερ
980 2609 1053 2680 κατ’

45 2717 135 2809 άρχάς
158 2731 266 2814 ἔφην,
291 2727 413 2792 δίδωσι
435 2720 559 2800 κάλλος
581 2746 617 2789 τε
639 2719 695 2787 καὶ
713 2717 831 2807 ῥύμην
853 2720 909 2786 καὶ
933 2716 976 2806 δὴ
999 2720 1057 2788 καὶ

45 2835 140 2918 ψυχῆς
169 2829 397 2919 γενναιότητα
429 2825 577 2916 μηδενὸς
606 2830 675 2894 νῦν
708 2823 828 2913 άριστα
854 2825 1058 2914 πεφυκότων

46 2940 160 3024 χείροσι
179 2939 354 3026 γενέσθαι.
395 2935 528 3014 τούτοις
547 2937 634 3019 ἔγνον
653 2929 909 3020 τοῖςλάνδράσιν
929 2931 946 3002 ὁ
965 2942 1098 3004 Φου-ἐε

47 3043 166 3125 γε’ττιος
199 3045 389 3132 ἐπιτρέπειν
422 3040 482 3111 τὸν
520 3038 604 3128 ὑπὲρ
636 3042 695 3126 τῆς
725 3035 908 3126 ἡγεμονίας
939 3039 1059 3128 άγάνα

53 3333 59 3353 ‹
108 3270 235 3330 ονύτὸν
254 3276 281 3328 Α
354 3280 431 3334 Sne
449 3272 472 3325 Β
488 3287 543 3394 omi
558 3270 604 3395 RB
657 3275 689 3324 13
709 3263 743 3396 οὲύ
762 3269 900 3356 Βδολιεὶεε
924 3267 989 3330 οὔτε
1011 3275 1057 3351 Ολ

49 3345 181 3542 Q}
196 3345 299 3472 οωνῦ
310 3350 405 3489 adalgi
416 3361 467 3486 ’δοῦ
476 3361 586 3468 'affl
605 3343 937 3478 de1.¹1{eis⁹11⁸‹÷⁷w¹⁰{33219
955 3353 1061 3485 algua

50 3497 69 3535 θ·
121 3505 181 3543 ΙΒΘ
