2404 3918
141 145 207 210 362
564 177 597 186 -
639 148 728 198 1¹-

141 303 254 386 αάτοῖς
277 303 441 394 ὀνόματα,
468 309 514 398 τῷ
543 306 604 394 μὲν
618 303 799 398 Ἄρροντα,
817 306 867 396 ,τῷ
897 303 934 372 δὲ
962 302 1140 391 Λοκόμωνα

139 413 195 482 καί
217 412 401 493 παιδεύσας
423 409 634 502 ἀμφοτέρους
651 409 849 498 Ἑλληνικήν
875 436 911 479 τε
939 411 995 479 καὶ
1020 417 1140 498 Τυρρη-

140 517 239 606 νικὴν
262 522 434 605 παιδείαν,
458 523 505 600 είς
527 516 655 607 ἀνδρας
678 521 839 587 ἐλθοῦσιν
857 515 971 597 αὐτοῖς
989 531 1141 604 γυναῖκας

140 628 177 696 έκ
198 629 267 694 τών
289 625 560 716 ἐπιφανεστάτων
587 635 689 694 οίκων
713 624 884 713 λαμβάνει.

113 759 127 801 τ
230 734 428 802 XXXXVII.
446 734 515 802 Καὶ
529 731 599 821 μετ’
617 731 657 802 οὗ
670 730 778 802 πολὺν
792 731 918 821 χρόνον
937 729 956 800 ὁ
973 730 1033 819 μὲν
1051 751 1140 817 πρεσ-

139 839 279 928 βύτερος
308 838 412 910 αὐτοῦ
440 844 510 910 τών
536 843 667 908 παίδων
700 839 798 926 γένος
830 836 933 908 οὐδὲν
958 838 1138 908 καταλιπών

140 948 286 1035 ἐμφανὲς
313 944 532 1033 ἀποθνήσκει.
581 945 637 1014 καὶ
664 943 733 1033 μετ’
759 943 874 1032 ὀλίγας
901 942 1026 1034 ἡμέρας
1049 944 1140 1024 αὐτὸς

140 1051 158 1122 ὁ
184 1053 386 1143 Δημάρατος
409 1051 475 1122 ὑπὸ
498 1052 606 1139 λύπης
626 1056 763 1143 τελευτᾷ
784 1051 998 1140 κληρονόμον
1020 1049 1138 1137 ἀπάσης

138 1165 198 1248 τῆς
229 1159 347 1242 οὐσίας
377 1159 438 1230 τὸν
470 1158 747 1249 περιλειπόμενον
780 1162 848 1226 τών
879 1162 1013 1227 παίδων
1045 1159 1136 1228 Λοκό-

100 1293 126 1334 ιο
140 1295 237 1356 μωνα
259 1268 463 1337 καταλιπών·
498 1262 536 1346 ὃς
557 1263 761 1354 παραλαβών
784 1264 844 1335 τὸν
866 1263 1028 1355 πατρικὸν
1052 1270 1134 1334 πλοό

138 1402 198 1444 τον
222 1374 326 1462 μέγαν
355 1372 437 1444 ὄντα
463 1373 704 1444 πολιτεύεσθαί
728 1401 764 1444 τε
787 1375 844 1444 καί
865 1371 906 1442 τά
928 1370 1028 1442 κοινά
1051 1372 1128 1458 πρίτ-

138 1507 209 1550 τειν
232 1481 288 1548 καλ
312 1483 348 1550 έν
370 1493 441 1561 τοϊς
462 1480 606 1569 πρώτοις
632 1484 701 1550 τών
724 1479 836 1550 ἀστῶν
859 1479 947 1564 εἶναι
969 1479 1122 1570 προῄρητο.

99 1585 413 1675 2ἀπελαυνόμευος
445 1587 483 1656 δὲ
513 1587 728 1676 πανταχόθεν
763 1585 828 1657 ὑπὸ
855 1591 923 1656 τών
956 1589 1161 1675 έπιχωρίωνῦθ

138 1694 194 1762 καλ
223 1691 283 1781 οὐχ
316 1691 406 1774 ὅπως
438 1696 474 1763 έν
507 1708 577 1774 τοῖς
608 1693 752 1780 πρώτοις
779 1692 1048 1783 ἀριθμούμενος,
1075 1689 1131 1758 ἀλλ’

99 1825 125 1868 ιε
140 1797 216 1868 οὐδ’
251 1802 288 1869 έν
324 1815 395 1881 τοῖς
430 1802 560 1888 μέσοις,
595 1797 743 1889 ἀνιαρῶς
778 1807 875 1889 ἔφερε
906 1799 968 1887 την
1007 1799 1137 1887 ἀτιμίαν.

138 1904 274 1977 ἀκούων
304 1906 341 1976 δὲ
368 1907 444 1994 περὶ
474 1911 534 1994 τῆς
559 1905 733 1995 Ῥωμαίων
764 1907 908 1992 πόλεως,
941 1905 995 1975 ὅτι
1025 1906 1139 1985 πάντας

138 2012 291 2102 ἀσμένως
309 2011 540 2101 ὑποδεχομένη
562 2011 642 2094 τοὺς
661 2016 776 2096 ξένους
794 2012 916 2093 ἀστοὺς
932 2027 1077 2084 ποιεῖται
1093 2013 1139 2080 καὶ

137 2125 216 2212 τιμᾷ
238 2117 321 2189 κατά
343 2118 406 2207 τὴν
428 2117 525 2201 ἀξίαν
545 2121 697 2206 ἕκαστον,
722 2122 791 2189 έκεϊ
806 2125 1070 2208 μετενέγκασθαι
1087 2117 1138 2205 την

138 2235 272 2314 οἴκησιν
300 2231 387 2313 έγνω
415 2229 456 2295 τά
481 2253 516 2295 τε
543 2225 695 2316 χρήματα
722 2226 830 2295 πάντα
859 2225 1139 2314 συσκευασάμενος

98 2334 194 2401 εοκαλ
220 2331 283 2420 τὴν
309 2347 453 2420 γυναῖκα
477 2333 685 2423 Ιέπαγόμενος
717 2333 774 2402 καὶ
801 2338 869 2402 τών
898 2331 1011 2402 ἀλλων
1039 2339 1141 2420 φίλων

136 2441 192 2510 καί
223 2445 355 2510 οἰκείων
382 2440 463 2521 τοὺς
489 2441 731 2528 βουλομένους·
764 2442 919 2527 έγένοντο
949 2439 987 2508 δὲ
1016 2444 1052 2508 οί
1071 2459 1140 2507 συν-

98 2551 293 2634 3απαίρειν
321 2544 411 2640 αὐτῷ
443 2549 723 2636 προθυμηθέντες
755 2551 882 2634 συχνοί.
932 2543 978 2627 ώς
1006 2547 1045 2616 δὲ
1066 2542 1139 2614 κατὰ

136 2655 174 2725 τὸ
202 2655 414 2742 καλούμενον
439 2653 625 2725 Ἰανίκολον
653 2646 756 2740 ἦσαν,
789 2651 873 2722 ὅθεν
899 2651 920 2741 ἡ
943 2651 1053 2742 Ῥώμη
1078 2666 1139 2730 τοῖς

136 2762 201 2834 ἀπὸ
235 2768 424 2852 Τυρρηνίας
452 2763 644 2851 ἐρχομένοις
675 2765 809 2849 πρῶτον
837 2757 1022 2848 ἀφορᾶται,
1052 2786 1137 2828 κατα-

97 2895 123 2936 εε
137 2871 220 2952 πτάς
247 2869 344 2950 ἀετὸς
372 2867 470 2956 ἀφνω
497 2868 553 2937 καί
579 2867 640 2937 τὸν
667 2876 767 2937 πίλου
795 2864 900 2936 αὐτοῦ
927 2865 988 2936 τὸν
1015 2867 1068 2936 έπὶ
1088 2869 1137 2950 τῆς

135 2983 283 3067 κεφαλῆς
308 2981 464 3064 κείμενον
492 2973 659 3062 ἀρπάσας,
687 2973 810 3060 ἀνέπτη
837 2973 940 3042 πόλιν
971 2972 1042 3046 ἀνω
1064 2969 1134 3042 κατά

209 3133 398 3226 1ἀρρόνταΑ
416 3131 592 3204 ἀρροῦνταΒ
646 3141 662 3190 9
677 3129 895 3220 περιλιπομενον
909 3136 935 3188 Α
988 3139 1021 3188 18
1036 3129 1132 3220 έμεισελ

135 3219 169 3268 22
190 3229 243 3266 σου
247 3204 335 3296 αότηι
321 3203 484 3295 ἀπαίρειν
499 3206 521 3262 Ο
536 3207 680 3293 praeberB
697 3208 701 3274 Ι
717 3226 790 3261 κατα
779 3201 827 3259 Β
841 3223 896 3260 om.
906 3206 932 3260 A
986 3211 1020 3260 26
1039 3199 1132 3267 ἀνέπτη

135 3276 260 3341 milne*
241 3299 300 3334 ανα
316 3263 377 3334 B*
356 3298 418 3332 ανω
436 3273 559 3331 ποίλιν’
541 3297 569 3331 α
584 3279 609 3330 R
626 3277 746 3332 fortasse
765 3277 813 3330 καλ
832 3292 896 3330 cum
915 3275 1090 3361 Schnelliop.
1104 3277 1131 3325 29

137 3353 202 3404 ante
220 3345 295 3402 κατά
313 3347 472 3402 addendum
492 3347 521 3400 et
539 3350 614 3401 totus
632 3347 709 3400 loeus
733 3347 773 3400 sio
792 3347 955 3401 scribendus
975 3348 1029 3400 est:
1053 3338 1131 3427 ορπά

137 3436 188 3479 σας
206 3417 255 3470 καλ
273 3413 346 3470 κατὰ
366 3413 467 3484 τὴν-
481 3413 639 3484 φερόμενος
662 3411 805 3485 ἐπιτίθησι
826 3417 865 3490 τῷ
888 3415 1081 3486 Δοκόμωνι-
1093 3407 1131 3482 ἥρ
