2396 3918
566 222 733 276 ,Α-

137 375 266 448 ἀλωσιν
295 376 361 448 ὑπὸ
391 379 455 468 τήν
485 379 720 470 μετοπωρινήν
752 385 929 470 ἰσημερίαν
952 377 1077 467 ἄραντες
1100 380 1124 444 οἰ

141 489 252 572 Τρώες
275 487 311 554 ἐκ
333 490 391 574 τής
413 490 476 574 γῆς
502 491 722 578 περαιοῦνται
743 485 806 556 τὸν
824 485 1061 574 Ἑλλήσποντον
1083 483 1124 552 καὶ

137 595 360 680 καταχθέντες
389 600 437 676 εἰς
466 593 528 682 τήν
552 593 689 685 Θρᾴκην
719 593 825 663 αὐτοῦ
855 598 1057 682 διατρίβουσι
1079 588 1125 676 τήν

138 698 332 788 χειμερινήν
365 699 458 789 ώραν
491 701 671 789 δεχόμενοί
693 727 729 771 τε
756 699 836 781 τοὺς
862 697 1126 777 ἐπισυνιόνταςέκ

111 810 197 892 στῆς
214 810 326 894 φυγῆς
342 809 399 876 καί
417 807 747 896 παρασκευαζόμενοι
765 806 806 877 τά
826 813 874 887 εἰς
891 805 951 876 τὸν
972 804 1128 874 ἀπόπλουν.

138 914 174 982 ἐκ
194 912 231 982 δὲ
249 917 308 1001 τῆς
322 914 455 1006 Θράκης
476 912 682 997 ἀναστάντες
696 921 795 1003 ἐαρος
813 913 1004 1005 ἀρχομένου
1020 914 1129 981 τελοῦσι
1179 927 1180 992 3

137 1017 198 1088 τὸν
226 1019 348 1108 μεταξὺ
374 1025 483 1090 πλοῦν
512 1020 590 1109 ἀχρι
613 1027 788 1103 Σικελίας·
821 1024 890 1090 ἐκεῖ
917 1019 955 1088 δέ
979 1017 1131 1107 ὁρμισαμί-
1181 1077 1182 1086 ,

137 1152 212 1205 νοις
241 1124 355 1207 αὐτοῖς
377 1125 414 1196 τό
446 1134 519 1208 ἔτος
547 1133 648 1198 τοῦτο
679 1133 831 1221 τελευτᾷ,
858 1129 915 1198 καί
945 1131 1132 1214 διατρίβουσι

137 1230 198 1300 τὸν
227 1232 387 1323 δεύτερον
414 1239 562 1323 χειμῶνα
589 1233 647 1316 τάς
673 1236 788 1317 πόλεις
816 1241 1060 1317 συνοικίζοντες
1081 1243 1134 1308 τοῖς
1182 1273 1183 1282 1

97 1303 290 1432 13οἘλόμοις
316 1342 355 1409 ἐν
377 1347 525 1432 Σικελία.
561 1348 714 1430 πλοΐμων
739 1342 777 1412 δέ
799 1343 995 1430 γενομένων
1017 1339 1134 1427 ἀραντες

137 1444 202 1515 ἀπὸ
230 1451 289 1534 τῆς
319 1447 429 1535 νήσου
460 1452 587 1538 περῶσι
614 1447 653 1517 τὸ
685 1446 899 1539 Τυρρηνικὸν
927 1450 1069 1534 πέλαγος
1095 1445 1136 1513 ιιιί

136 1557 353 1635 τελευτῶντες
380 1559 428 1635 εἰς
451 1554 633 1644 Λωρεντόν
663 1554 889 1643 ἀφικνοῦνται
912 1554 974 1626 τὸν
996 1554 1137 1642 Ἀβοριηί

137 1687 209 1730 νων
233 1658 388 1747 αἰγιαλὸν
412 1661 579 1749 μεσούσης
601 1667 745 1753 θερείας.
783 1661 949 1750 λαβόντες
973 1662 1011 1732 δὲ
1033 1659 1069 1733 τὸ
1090 1684 1137 1746 χω

138 1772 214 1851 ρίον
239 1771 422 1850 οἰκίζουσιν
446 1770 483 1837 ἐν
507 1767 597 1862 αὐτῷ
612 1775 802 1840 Λαουΐνιον
825 1767 887 1840 τὸν
908 1768 1068 1858 δεύτερον
1085 1761 1171 1833 ἀτὸιει

98 1899 123 1938 15
137 1877 196 1960 τῆς
218 1870 374 1955 ἁλώσεως
401 1875 676 1964 ἐκπληρώσαντες
704 1875 871 1946 ἐνιαυτόν.
917 1877 974 1944 καί
997 1876 1074 1964 περὶ
1094 1871 1141 1960 μὲν

137 1978 268 2048 τούτων
292 1977 337 2061 ὡς
360 1986 423 2068 ἔχω
450 1982 550 2070 δόξης
574 1983 764 2070 δεδήλωταί
782 2009 849 2072 μοι.

227 2107 363 2174 ΙιΧΠΙΙ.
401 2112 540 2188 Αἰνείας
568 2108 606 2176 δὲ
634 2108 882 2188 κατασκευάσας
911 2111 1016 2196 ἰεροίς
1043 2102 1145 2174 τεκαὶ

138 2226 209 2292 τοῖς
236 2211 351 2294 ἀλλοις
378 2214 518 2302 κόσμοις
545 2213 769 2304 ἀποχρώντως
796 2212 859 2302 τήν
886 2213 1009 2300 πόλιν,
1044 2205 1090 2281 ὧν
1116 2207 1147 2278 τά

138 2327 276 2388 πλείστα
309 2325 356 2391 ἐτι
389 2321 445 2388 καί
477 2325 525 2401 εἰς
557 2321 614 2409 ἐμὲ
645 2313 705 2408 ήν,
731 2325 777 2413 τῷ
806 2320 868 2408 μὲν
899 2322 973 2407 ἑξῆς
1005 2320 1148 2409 ἐνιαυτῷ,

100 2432 240 2518 εοτρίτῳ
265 2425 303 2493 δὲ
326 2424 391 2495 ἀπὸ
413 2431 473 2514 τῆς
495 2426 628 2514 ἐξόδου,
656 2427 781 2516 Τρώων
805 2430 1000 2513 ἐβασίλευσε
1024 2426 1150 2515 μόνων·

138 2536 185 2623 τῷ
210 2531 248 2599 δέ
273 2531 418 2624 τετάρτην
447 2533 707 2621 τελευτήσαντος
730 2539 882 2601 Λατίνου
909 2534 965 2601 καί
992 2532 1056 2620 τήν
1080 2534 1150 2601 ἐκεί

139 2664 205 2705 νου
227 2643 402 2724 βασιλείαν
424 2640 681 2729 παραλαμβάνει
704 2644 762 2727 τῆς
776 2665 811 2707 τε
825 2643 962 2726 κηδείας
980 2639 1152 2724 οἰκειότητι

138 2747 198 2829 τής
229 2742 313 2832 πρὸς
349 2743 453 2814 αὐτὸν
492 2747 674 2836 ἐπικλήρου
704 2751 764 2833 τῆς
801 2745 939 2828 Λαύνας
958 2748 1153 2834 ’γενομένης

141 2847 222 2937 μετὰ
244 2848 304 2918 τὸν
328 2858 479 2921 Λατίνου
507 2853 661 2923 θάνατον
684 2853 824 2921 καὶτοῦ
853 2850 936 2940 πρὸς
958 2850 1038 2933 τοὺς
1060 2850 1154 2920 ἀστο-

140 2962 293 3043 μείτονας
319 2961 469 3046 πολέμου
497 2963 556 3048 τῆς
587 2965 787 3049 στρατηγίας
817 2961 922 3028 ἕνεκα.
954 2957 1155 3045 ἀπέστησαν

140 3063 205 3152 γάρ
234 3056 336 3144 αὖθις
363 3062 428 3134 ἀπὸ
456 3071 518 3134 τοῦ
546 3074 697 3136 Λατίνου
719 3066 869 3136 Ῥότολοι
897 3065 1058 3154 λαβόντες
1085 3062 1156 3152 ἡμε-

142 3170 231 3259 μόνα
267 3175 336 3240 τών
373 3169 571 3260 αὐτομόλων
607 3173 685 3243 τινὰ
718 3177 777 3262 τής
810 3178 961 3242 Λατίνου
997 3168 1157 3260 γυναικὸς

105 2937 126 3000 2

99 3023 126 3064 25

217 3414 308 3474 Ῑῦπδ
327 3421 351 3474 Β
371 3437 424 3475 om
444 3420 470 3472 A
544 3425 578 3474 14
596 3423 725 3476 λαυίνιον
747 3423 770 3475 Β
843 3427 878 3476 20
896 3416 984 3490 μόνον
1004 3422 1079 3476 AB&
1110 3415 1161 3491 μό·

144 3507 201 3541 νων
220 3489 267 3544 Bb
344 3496 377 3544 23
397 3490 583 3552 λαοοινίαςΒ
