2408 3928
588 221 752 274 -Β..

164 384 285 471 διδαχή
309 385 557 471 παραγίνεσθαι
586 394 658 462 τοῖς
690 387 874 460 πολιτικοῖς
900 377 1043 467 πλήθεσι
1069 379 1154 464 πέφιι

163 515 237 576 ιιιν,
265 489 302 558 ἐν
330 482 381 568 οἷς
408 484 446 557 τὸ
474 486 592 557 πλεῖόν
620 489 691 558 ἐστι
724 486 942 575 δυσάγωγον,
973 483 1045 556 ἀλλ’
1069 491 1156 573 ἐργων

76 589 79 600 ’
164 597 319 684 ἐθισμοῖς
353 598 422 664 τῶν
455 593 540 681 πρὸς
577 592 721 681 ἕκάστην
757 591 880 681 ἀρετήν
916 591 1083 679 ἀγόντων,
1113 587 1154 658 ὑπ’

164 700 312 790 ἀνάγκης
343 727 378 770 τε
410 703 540 788 μᾶλλον
567 695 588 787 ή
616 700 699 770 κατὰ
732 699 873 787 γνύμην
906 698 956 770 ἐπ’
988 697 1070 768 αύτά
1099 699 1158 777 τοὺς

137 807 311 890 ιπολλούς
333 809 638 895 παραγινομένους,
661 813 693 878 εἰ
715 807 753 875 δὲ
772 807 879 896 μηδέν
903 815 953 894 εἰη
972 804 1011 876 τὸ
1028 808 1158 874 κωλῦσον

165 917 219 986 ἐπὶ
241 916 303 1003 τήν
327 914 432 1002 φύσιν
457 901 720 995 ὀλισθαίνοντας
743 914 857 1000 είδιός,
886 916 1097 1002 ἐπιδιφρίους
1115 911 1159 998 μὲν

69 1023 72 1030 '
164 1023 221 1091 καί
243 1021 437 1108 βαναύσους
464 1021 519 1090 καί
547 1018 790 1110 προσαγωγοὺς
817 1022 1009 1108 ἐπιθυμιῶν
1035 1021 1160 1106 αἰσχρῶν

164 1129 294 1216 τέχνας,
318 1125 363 1207 ἀς
384 1126 613 1215 ἀφανιζούσας
639 1128 696 1198 καί
723 1129 973 1216 λυμαινομένας
999 1125 1040 1197 τά
1063 1152 1097 1196 τε
1117 1123 1161 1192 σό-

166 1261 254 1323 ματα
280 1236 337 1304 καὶ
364 1233 423 1316 τάς
450 1234 560 1323 ψυχάς
586 1238 656 1306 τόν
684 1236 1019 1322 μεταχειριζομένων,
1049 1233 1163 1310 δούλοις

96 1359 99 1366 “
128 1367 154 1407 ιο
167 1341 223 1410 καί
256 1341 365 1424 ξένοις
400 1340 551 1414 ἀπέδωκε
581 1340 798 1430 μεθοδεύειν·
834 1343 890 1410 καὶ
923 1343 1090 1430 διέμεινεν
1119 1340 1164 1416 ἕως

167 1451 296 1518 πολλοῦ
319 1447 410 1518 πάνν
433 1448 560 1537 χρόνον
584 1445 630 1516 δι’
656 1448 819 1536 αἰσχύνης
845 1447 929 1518 ὄντα
946 1445 1119 1535 Ῥωμαίοις
1136 1443 1164 1511 τὰ

167 1559 306 1625 τοιαῦτα
330 1560 411 1645 ἔργα
433 1557 489 1624 καὶ
512 1553 569 1624 ὑπ’
596 1554 738 1637 ούδενός
764 1559 834 1624 τῶν
857 1553 1053 1644 αὐθιγενῶν
1076 1555 1166 1636 ἐπιτη-

127 1660 150 1726 2
170 1661 343 1749 δευόμευα.
381 1661 443 1732 δύο
468 1662 506 1732 δὲ
524 1662 613 1747 μόνα
631 1677 702 1744 τοῖς
724 1664 919 1750 ἐλευθέροις
937 1660 1193 1749 ἐπιτηδεύματαιο

167 1769 320 1838 κατέλιπε
351 1768 391 1837 τά
423 1795 458 1840 τε
489 1767 573 1839 κατὰ
609 1774 778 1858 γεωργίαν
812 1769 867 1837 καί
900 1766 940 1837 τά
973 1766 1057 1838 κατά
1089 1765 1193 1840 πολύ,

129 1898 155 1939 ιε
169 1899 268 1961 μους,
296 1872 388 1963 ὁρῶν
416 1873 468 1945 ότι
501 1875 644 1964 γαστρός
675 1902 711 1945 τε
739 1874 919 1964 ἅνθρωποι
946 1880 1099 1961 γίνονται
1124 1868 1168 1938 διὰ

167 1979 309 2060 τούτους
335 1979 415 2060 τοὺς
441 1987 539 2068 βίους
572 1984 741 2070 ἐγκρατεῖς
772 1978 989 2070 ἀφροδισίοις
1019 2006 1054 2050 τε
1084 1970 1170 2066 ἦττον

168 2082 363 2156 ἁλίσκονται
395 2086 605 2175 παρανόμοις
642 2089 839 2170 πλεονεξίαν
870 2115 905 2158 τε
938 2084 980 2156 ού
1012 2083 1075 2173 τήν
1105 2082 1169 2172 βλύ-

168 2211 319 2262 πτουσαν
343 2189 512 2279 ἀλλήλους
531 2193 730 2280 διώκουσιν,
754 2192 840 2263 ἀλλά
862 2192 924 2281 τὴν
947 2191 1013 2262 ἀπὸ
1036 2219 1103 2261 τον
1124 2215 1169 2258 το·

169 2302 294 2385 λεμίων
317 2301 603 2388 περιποιουμένην
626 2299 685 2381 τὰς
709 2299 881 2388 ὠφελείας.
928 2297 1026 2387 ἀτελή
1052 2297 1089 2366 δὲ
1109 2298 1170 2365 τού-

129 2430 237 2472 ωτων
262 2402 420 2491 ἑκάτερον
442 2399 630 2493 ἡγούμενος
652 2403 740 2474 εἰναι
763 2409 831 2473 τόν
854 2409 940 2492 βίων
960 2404 1170 2494 χωριζόμενον
1189 2431 1190 2520 ρ

169 2511 319 2597 θατέρου
341 2510 397 2577 καί
421 2515 592 2597 φιλαίτιον
617 2509 679 2600 οὐχ
704 2512 828 2599 ἑτέροις
855 2513 917 2599 μέν
945 2530 1036 2580 τισιν
1059 2509 1170 2580 ἀπέδω-

169 2642 227 2684 κεν
261 2614 459 2703 ἐργάζεσθαι
495 2615 557 2703 τὴν
590 2621 671 2704 γήν,
709 2618 834 2705 ἑτέροις
870 2616 908 2685 δὲ
939 2617 980 2686 τά
1018 2622 1171 2704 πολεμίων

170 2723 288 2811 φέρειν
315 2746 350 2790 τε
378 2721 433 2789 καί
461 2719 558 2809 ἀγειν
581 2721 626 2803 ὡς
654 2721 672 2792 ό
703 2721 793 2812 παρὰ
818 2726 1099 2810 Λακεδαιμονίοις
1120 2719 1188 2806 εἶχε

171 2826 291 2914 νόμος,
321 2822 407 2895 ἀλλά
435 2826 514 2909 τοὺς
541 2827 665 2910 αύτούς
691 2829 752 2899 τόν
780 2856 815 2898 τε
844 2826 1026 2916 πολεμικὸν
1049 2825 1171 2898 καὶτὸν

131 2979 157 3019 25
171 2931 357 3023 γεωργικὸν
380 2935 471 3017 ἐταζε
493 2939 573 3023 βίον
595 2939 667 3023 ζήν·
692 2939 723 3004 εἰ
744 2935 806 3024 μὲν
831 2934 971 3025 εἰρήνην
995 2935 1111 3023 ἀγοιεν
1132 2933 1171 3004 ἐπὶ

246 3134 339 3191 1τοῖς
365 3131 520 3191 πολιτικοῖς
544 3125 668 3198 πλήθεσι
696 3147 749 3186 om.
774 3131 796 3184 Β
878 3136 894 3185 6
918 3130 1133 3202 παραγομένους
1156 3145 1171 3182 ι.

172 3199 323 3270 Κλοεελὶως,
341 3200 470 3255 Hertlein
487 3201 606 3256 Hermes
620 3201 646 3254 X
664 3220 690 3271 p.
706 3207 758 3258 409
775 3201 780 3270 Ι
796 3197 922 3256 κωλύσον
941 3203 1020 3256 ABb
1096 3210 1111 3256 6
1128 3197 1172 3255 όλι-

173 3266 336 3333 σθένοντας
364 3287 386 3325 ο.
412 3270 501 3327 Cobet
529 3272 595 3327 Oba.
624 3291 652 3343 p.
675 3277 710 3328 46
793 3270 1016 3342 ῖπροαγωγούς
1039 3291 1062 3328 ο.
1086 3272 1172 3328 Βεὶελιι

174 3346 209 3396 14
222 3342 424 3395 καταλείπεται
438 3338 472 3395 τά
487 3337 559 3396 κατά
576 3343 608 3412 0,
619 3360 688 3399 corr.
698 3344 854 3399 Ambroseh
909 3349 941 3398 18
956 3339 1009 3413 τήν
1023 3338 1050 3400 τ’
1066 3339 1121 3399 ἀπό
1134 3343 1172 3412 γῆς

173 3412 222 3466 καὶ
232 3408 284 3480 τὴν
294 3407 351 3466 ἀπό
362 3412 418 3465 τῶν
428 3431 457 3466 τι.
469 3413 602 3468 0.Reiske
656 3420 691 3470 20
700 3410 883 3486 χαριζόμενος
893 3416 945 3470 AB
991 3421 1025 3469 21
1041 3414 1148 3486 θατέρῳ
1157 3410 1172 3466 0

174 3486 208 3534 23
228 3478 305 3551 παρά
324 3483 549 3551 λακεδαιμονίων
566 3484 612 3538 Ba
683 3491 718 3540 25
736 3487 799 3556 βίον
819 3487 911 3556 ζήνΒ
935 3485 986 3556 ζῆν
1006 3487 1112 3559 βίονΔ
