2412 3912
146 225 166 290 8
570 225 737 278 -ι-

234 385 273 452 V.
319 381 447 462 Ταύτας
475 381 516 469 δὴ
545 383 604 462 τὰς
627 382 893 469 πεπλανημένας,
920 380 1028 467 ὥσπερ
1056 386 1141 467 ἔφην,

145 488 331 578 ὑπολήψεις
358 490 528 570 ἐξελέσθαι
555 493 614 575 τῆς
642 493 796 568 διανοίας
821 492 890 557 τῶν
916 493 1050 558 πολλῶν
1075 511 1143 570 προ·

146 597 346 684 αιρούμενος
372 597 428 666 καὶ
456 594 777 665 ἀντικατασκευάσαι
808 592 867 675 τὰς
897 592 1050 682 ἀληθεῖς,
1079 593 1145 677 περὶ

146 705 207 793 μὲν
230 708 298 773 τῶν
317 701 519 772 οἰκισάντων
542 701 604 790 τὴν
622 702 732 790 πόλιν,
751 705 873 781 οἵτινες
890 693 978 788 ἦσαν
1001 695 1145 768 καὶκατὰ

118 816 239 891 ττίνας
261 811 394 879 ἕκαστοι
416 808 556 898 καιρούς
579 813 755 896 συνῆλθον
778 810 833 877 καὶ
856 815 922 877 τίσι
944 808 1059 895 τύχαις
1081 829 1147 892 χρη·

146 916 287 1003 σάμενοι
318 915 377 996 τάς
410 921 571 1003 πατρίους
604 915 748 1003 οἰκήσεις
784 917 949 1001 ἐξέλιπον,
987 917 1025 984 ἐν
1056 909 1148 997 ταύτη

146 1022 286 1109 δηλάσω
310 1027 350 1110 τῇ
374 1026 503 1111 γραφῇ,
532 1021 578 1090 δι’
604 1015 644 1110 ἧς
658 1020 825 1110 Ἕλληνάς
850 1048 885 1090 τε
912 1020 1039 1101 αύτούς
1061 1017 1150 1095 ὄντας
1163 1031 1183 1080 ¹⁵

146 1131 322 1210 ἐπιδείξειν
348 1126 576 1216 ὑπισχνοῦμαι
603 1130 659 1198 καὶ
687 1127 750 1198 ούκ
778 1129 813 1196 ἐκ
840 1132 909 1198 τῶν
932 1118 1150 1216 ἐλαχίστωνή

105 1236 126 1299 2
146 1235 366 1322 φαυλοτάτων
385 1238 498 1304 ἐθνῶν
520 1235 801 1322 συνεληλυθότας.
842 1236 918 1324 περί
937 1234 975 1304 δὲ
993 1238 1064 1304 τῶν
1082 1228 1153 1317 πρά·

106 1367 132 1407 ιο
146 1345 246 1429 ξεων,
269 1337 309 1422 ἃς
331 1341 411 1429 μετά
434 1340 494 1410 τὸν
518 1341 672 1430 οίιιισμδν
699 1340 827 1422 εύδέως
849 1340 1085 1424 ἀπεδείξαντο,
1106 1335 1153 1404 καί

145 1450 312 1537 περὶτῶν
336 1447 621 1537 ἐπιτηδευμάτων,
651 1450 684 1530 ἐξ
708 1442 757 1517 ὧν
780 1453 829 1529 είς
850 1446 1020 1535 τοσαύτην
1045 1444 1155 1534 ἡγεμο-

145 1561 224 1624 νίαν
248 1559 426 1642 προῆλθον
448 1558 484 1624 οί
504 1554 574 1642 μετ’
600 1554 736 1641 αύτούς,
758 1552 823 1624 ἀπὸ
847 1558 906 1642 τῆς
929 1552 1013 1642 μετὰ
1036 1550 1155 1634 ταύτην
1199 1603 1200 1612 τ

146 1661 331 1749 ἀρξάμενος
367 1659 566 1750 ἀναγραφῆς
602 1660 834 1750 ἀφηγήσομαι,
871 1660 1076 1750 παραλιπὼν
1110 1651 1160 1723 ού-

146 1768 205 1836 δὲν
234 1767 296 1855 ὅση
325 1794 382 1855 μοι
410 1768 556 1856 δύναμις
581 1772 651 1838 τῶν
680 1766 784 1850 ἀξίων
812 1771 975 1854 ἱστορίας,
1006 1771 1068 1836 ἵνα
1098 1774 1162 1840 τοῖς

106 1897 131 1938 15
145 1900 182 1960 με
201 1878 351 1961 μαθοῦσι
369 1872 433 1960 τὴν
453 1873 619 1962 ἀλήθειαν
637 1870 658 1942 ἀ
679 1873 840 1962 προσήκει
857 1874 932 1963 περὶ
950 1876 1013 1960 τῆς
1037 1871 1162 1946 πόλεως
1201 1944 1202 1956 ,

144 1984 245 2069 τήσδε
267 1983 418 2069 παραστῇ
438 1993 593 2069 φρονεῖν,
611 1985 643 2048 εί
664 1979 709 2067 μὴ
728 1981 941 2049 παντάπασιν
958 1976 1092 2069 ἀγρίως
1114 1973 1166 2044 καὶ

145 2091 321 2174 δυσμενῶς
343 2086 529 2156 διάκεινται
551 2086 635 2173 πρὸς
659 2084 781 2173 αύτήν,
806 2087 862 2156 καὶ
885 2086 965 2174 μήτε
989 2086 1163 2174 ἄχθεσθαι
1201 2083 1202 2092 ³

144 2198 184 2282 τῇ
207 2191 365 2275 ὑποτάξει
387 2191 470 2261 κατά
494 2192 531 2262 τὸ
556 2191 646 2273 εἰκὸς
667 2194 832 2281 γενομένη
857 2192 1007 2282 (φύσεως
1032 2195 1103 2282 γὰρ
1127 2189 1167 2275 δή

144 2300 250 2388 νόμος
272 2298 375 2383 άπασι
398 2298 523 2387 κοινός,
547 2295 589 2369 δν
613 2297 724 2379 οὐδεὶς
746 2299 924 2368 καταλύσει
946 2299 1089 2388 χρόνος,
1114 2297 1168 2384 ἀρ·

106 2431 132 2471 εο
145 2435 217 2496 χειν
242 2406 293 2476 ἀεὶ
315 2411 383 2476 τῶν
401 2404 554 2494 ἡττόνων
581 2404 660 2485 τούς
686 2406 889 2495 κρείττονας)
918 2405 1000 2493 μήτε
1024 2432 1172 2494 κατηγο-

146 2527 218 2600 ρεῖν
241 2518 299 2600 τῆς
321 2513 439 2600 τύχης,
468 2510 512 2593 ὡς
539 2511 602 2582 ούιι
629 2515 803 2602 ἐπιτηδείῳ
835 2511 930 2582 πόλει
957 2513 1172 2600 τηλικαύτην

146 2617 329 2706 ἡγεμονίαν
351 2619 407 2687 καὶ
430 2621 595 2688 τοσούτου
619 2617 684 2706 ήδη
713 2620 840 2706 χρόνον
866 2631 989 2707 προῖκα
1013 2625 1178 2708 δωρησα-

111 2722 261 2813 3μένης·
293 2729 447 2812 μαθοῦσί
467 2752 505 2811 με
529 2723 572 2813 δή
594 2723 684 2812 παρὰ
703 2729 761 2811 τῆς
784 2728 942 2812 ἱστορίας,
965 2725 1018 2795 ὅτι
1044 2730 1179 2814 μυρίας

145 2829 287 2919 ήνεγκεν
310 2829 449 2919 ἀνδρῶν
472 2829 593 2920 ἀρετάς
616 2829 721 2911 εύδύς
743 2833 776 2912 ἐξ
800 2829 904 2920 ἀρχῆς
926 2830 1006 2919 μετά
1029 2832 1104 2902 τὸν
1131 2835 1182 2900 οί-

217 3061 404 3135 2<πολλῶυ>
426 3060 449 3113 Β
490 3063 612 3117 πολιτῶν
632 3063 658 3116 R
746 3059 1000 3130 4οίιιησάντωνΒ
1090 3070 1109 3119 7
1132 3065 1188 3118 aut

145 3151 175 3187 τε
196 3133 346 3190 delendum
365 3136 415 3190 ουτ
429 3128 564 3202 Ἕλληνάς
582 3153 614 3202 ηε
634 3136 684 3188 aut
702 3137 759 3188 v.8
779 3132 827 3188 καλ
846 3128 911 3188 οὐδ’
932 3131 965 3190 ἐκ
985 3135 1192 3190 scribendum

146 3220 207 3259 οεεο
226 3208 322 3260 censet
340 3203 444 3260 Reiske
518 3210 552 3259 10
572 3201 755 3270 ἐπεδείξαντο
770 3202 793 3256 Β
867 3209 901 3260 15
919 3212 977 3270 τοῖς
995 3225 1026 3274 ηε
1042 3205 1189 3273 Ριὶεεολτί,

146 3275 257 3346 Krfiger
282 3275 368 3332 Index
395 3295 435 3346 gr.
464 3293 505 3344 gr.
531 3281 600 3330 187⁷
627 3292 655 3344 p.
679 3281 732 3330 250
779 3281 838 3338 τοῖς
864 3275 1007 3348 Kiessling
1049 3272 1130 3333 τότε
1165 3275 1191 3329 Ο

153 3352 215 3430 ε16
234 3343 398 3403 παντάπασι
417 3347 463 3402 Ba
564 3353 597 3402 18
620 3344 844 3418 ύπ<οτά>ξειΒ
889 3342 1011 3435 ὑπάρξει
1029 3349 1106 3418 Aa,
1136 3346 1196 3404 sed

145 3414 283 3483 υποτάξει
301 3420 375 3488 Amg
393 3417 538 3472 eadmn.
611 3424 646 3472 20
665 3417 712 3472 ἀεὶ
730 3419 799 3480 τὀύς
817 3419 873 3472 τῶν
896 3415 1023 3487 ἡττονων
1041 3423 1196 3489 κρείττο-

147 3505 198 3547 νας
217 3487 271 3556 Ba,
290 3505 359 3544 corr.
379 3487 428 3540 Bb
