2396 3918
442 234 609 289 -A-
971 229 1034 294 121

39 389 115 478 παρά
134 390 256 478 πατρὸς
273 393 329 460 καί
351 395 428 482 περὶ
450 397 580 462 πολλοῦ
601 407 745 463 ποιεῖται
767 405 838 472 τοῖς
860 389 939 480 μεθ’
961 392 1036 459 ἑαυ-

39 496 88 566 τόν
108 499 277 586 ἐσομένοις
300 497 411 590 ὥσπερ
434 499 508 591 ίερδι
534 504 671 593 πατρῷα
694 498 935 586 παραδιδόναι·
957 504 1036 566 πολ-

41 604 83 671 λοί
107 603 136 671 δ’
160 605 247 674 είσίν
278 605 344 676 άπὸ
376 611 446 676 τόν
477 610 661 694 τιμητικῶν
690 615 793 674 οίκων
820 604 944 693 ἄνδρες
972 606 1038 672 ἐπι-

41 725 141 797 φανείς
163 715 198 780 οί
220 712 507 800 διαφυλάττοντες
529 711 627 782 αὑτά·
659 715 697 782 έν
721 707 772 794 οἷς
797 709 939 800 εὑρίσκω
964 714 1037 778 δευ-

40 821 108 909 τέρφ
131 819 297 907 πρότερον
326 827 392 890 ἔτει
418 824 479 908 τῆς
508 818 666 900 άλεόσεως
691 825 828 907 τίμησιν
856 815 949 904 [ὑπὸ]
977 819 1039 885 τοῦ
1066 846 1079 887 ε

38 922 189 1013 Ρωμαίων
214 926 326 1016 δήμου
348 918 604 1016 γενομένην,
580 955 603 1016 η
632 929 905 1015 παραγέγραπται
932 923 1040 992 καθά-

44 1053 145 1118 πεκαρ
107 1033 158 1100 καί
181 1047 257 1113 ταῖς
277 1031 396 1114 άλλαις
413 1034 536 1122 χρόνος
554 1025 666 1114 οὗτος·
695 1030 936 1111 ὑπατεύοντος
954 1037 1040 1100 Λευ-

48 1144 104 1206 κίου
122 1137 313 1223 Οὐαλερίου
337 1146 486 1210 Ποτίτου
507 1142 630 1209 καὶί
587 1145 689 1210 Τίτου
708 1145 867 1208 Μαλλίου
885 1145 1041 1207 Καπιτω-

45 1249 120 1312 λίνου
144 1244 230 1334 μετδι
257 1245 319 1334 τὴν
348 1244 493 1335 ἐκβολὴν
525 1252 594 1317 τόν
628 1249 796 1333 βασιλέων
825 1245 901 1326 ἑνὸς
929 1248 1042 1314 δέοντι

43 1355 156 1446 εἰκοστῷ
170 1354 231 1421 καὶ
246 1354 411 1447 ἑκατοστῷ
427 1356 517 1424 ἔτεκ’
543 1351 627 1422 ὥστε
642 1351 705 1441 τὴν
721 1351 887 1439 Κελτικὴν
902 1349 1041 1441 ἔφοδον,
1057 1321 1083 1449 3

40 1453 73 1543 ἣν
91 1463 133 1551 τῷ
156 1461 306 1548 δευτέρῳ
330 1459 411 1548 μετὰ
428 1458 491 1549 τὴν
509 1465 646 1547 τίμησιν
666 1463 732 1527 ἔτει
750 1459 938 1546 γενομένην
953 1455 1042 1545 εὑρί

41 1583 156 1654 σκομεν,
181 1567 492 1655 ἐκπεπληρωμένων
514 1570 583 1634 τόν
607 1575 714 1634 είκοσι
735 1565 793 1632 καὶ
815 1564 935 1634 ἑκατὸν
959 1567 1043 1634 ἐτῶν

38 1676 193 1756 γενέσθαι.
236 1679 268 1743 εί
290 1673 329 1742 δὲ
349 1677 450 1743 τοῦτο
474 1671 512 1742 τὸ
537 1672 704 1760 διάστημα
722 1676 784 1741 τοῦ
807 1672 936 1759 χρόνου
952 1670 1043 1758 τριά-

38 1805 125 1848 κοντα
147 1779 372 1868 ὀλυμπιάδων
391 1777 578 1869 εὑρίσκωσι
596 1778 795 1866 γενόμενον,
816 1777 946 1866 ἀνάγκη
965 1775 1044 1857 τοὺς

37 1887 176 1974 πρώτους
201 1886 468 1976 ἀποδειχθέντας
494 1884 643 1966 ὑπάτους
670 1883 850 1974 ὁμολογεῖν
880 1884 1043 1973 άρχοντος
1057 1916 1083 1956 ιε

16 1991 214 2082 δίἈθήνησιν
245 1993 422 2083 Ἰσαγόρου
448 1994 693 2083 παρειληφέναι
725 1993 788 2081 τὴν
823 1992 930 2081 ἀρχὴν
963 1991 1045 2060 κατὰ

38 2100 67 2168 τὸ
87 2107 222 2192 πρῶτον
246 2107 320 2182 ἔτος
336 2106 396 2189 τῆς
414 2099 539 2189 ὀγδόης
555 2102 612 2168 καί
632 2101 810 2187 ἑξηκοστῆς
829 2099 1046 2188 ὀλυμπιάδος.

113 2229 248 2295 LXXV.
272 2228 341 2294 Καὶ
356 2225 423 2314 μὴν
437 2223 503 2294 άπό
517 2250 555 2311 γε
568 2226 627 2310 τῆς
642 2225 782 2311 ἐκβολῆς
795 2227 865 2292 τῶν
878 2224 1045 2309 βασιλέων

41 2333 81 2400 ἐπὶ
101 2332 161 2402 τὸν
186 2337 323 2421 πρῶτον
342 2329 489 2419 άρξαντα
511 2333 570 2417 τῆς
587 2329 716 2410 πόλεως
733 2327 906 2418 Ῥωμύλον
930 2327 1046 2414 άναβι-

40 2441 167 2522 βασδεὶς
182 2437 201 2508 δ
217 2439 341 2529 χρόνος
356 2443 412 2526 ἔτη
426 2439 565 2524 τέτταρα
578 2435 661 2525 πρὸς
676 2441 788 2525 <τοίς>
802 2434 1044 2524 τετταράκοντα
1059 2465 1086 2506 εο

41 2548 84 2613 καὶ
97 2551 286 2625 διακοσίοις
299 2543 462 2613 άποτελεί.
485 2549 679 2630 γνωριζεται
690 2543 728 2611 δὲ
741 2547 840 2612 τοῦτο
851 2557 923 2623 ταῖς
933 2545 1048 2611 διαδο-

42 2667 100 2737 χαῖς
111 2657 182 2723 τῶν
197 2651 367 2740 βασιλέων
381 2651 522 2730 καὶτοῖς
537 2655 656 2736 ἔτεσιν,
672 2645 722 2730 οἷς
741 2651 873 2718 ἕκαστοι
887 2650 1048 2737 κατέσχον

43 2759 91 2845 τὴν
108 2759 228 2848 άρχην.
252 2756 422 2845 Ῥωμύλος
440 2757 503 2846 μὲν
521 2755 587 2846 γάρ
608 2754 625 2824 ό
645 2761 759 2837 κτίσας
776 2755 840 2843 τὴν
853 2755 954 2827 πόλιν
969 2755 1050 2826 ἑπτά

44 2867 86 2934 καὶ
106 2865 290 2956 τριάκοντα
314 2869 370 2951 ἔτη
394 2867 523 2950 λέγεται
547 2875 724 2951 κατασχεῖν
747 2862 810 2950 τὴν
834 2867 1050 2934 δυναστείαν·

44 2973 110 3057 μετά
133 2975 172 3042 δέ
195 2972 258 3042 τὸν
276 2970 451 3061 Ῥωμύλου
478 2969 632 3039 θάνατον
663 2967 883 3055 άβασίλευτος
909 2969 930 3058 ἡ
954 2972 1050 3053 πόλις
1064 3001 1090 3041 οε

46 3083 192 3162 γενέσθαι
215 3080 345 3170 χρόνον
365 3077 548 3147 ἐνιαύσιον.
582 3082 693 3145 ἔπειτα
717 3077 838 3166 Νόμας
861 3083 1090 3167 Πομπίλιος2

103 3291 197 3350 5υπο
216 3295 272 3350 del
292 3292 409 3363 Madvig
427 3293 498 3348 Adv.
517 3291 576 3360 Ip.
597 3291 855 3358 ῚλδΙτοῦΒτων
874 3294 899 3346 A
964 3298 1050 3346 8πο-

47 3366 111 3421 τίνου
138 3368 192 3420 AB
285 3371 319 3420 10
342 3311 435 3420 nulg‘
420 3363 561 3435 εκατοστῷ
585 3361 631 3416 Bb
664 3379 718 3418 om.
742 3363 819 3417 ABa
913 3371 947 3418 13
971 3361 1050 3419 δδΒ

48 3433 113 3502 ίὴΙί
186 3444 219 3494 16
240 3432 318 3501 εἰς’
299 3459 318 3492 α
320 3456 390 3506 γυρο
373 3417 614 3520 ῦΔίοάγρουΒ
690 3439 726 3487 20
743 3441 803 3496 τοῖς
826 3433 937 3489 addidit
959 3435 1051 3490 Riese·

48 3504 180 3577 linglnal
198 3525 253 3565 om.
273 3508 299 3562 A
372 3513 406 3561 λδ
425 3501 516 3576 νόμας
533 3504 581 3560 Bb
599 3505 690 3575 νομάς
708 3505 784 3559 ABa
803 3507 832 3558 et
850 3504 914 3560 aliis
931 3506 1001 3560 locis
