2404 3918
166 215 233 283 334
590 221 759 272 -Γ-

165 376 420 464 συναγαγόντος
446 379 529 464 έμοῦ
556 375 619 465 τὴν
641 375 772 464 βουλὴν
801 377 858 445 καὶ
880 375 921 445 τδι
944 375 1077 456 δόξαντα
1095 389 1145 454 τοῖς

164 484 343 571 συνέδροις
370 484 605 572 γραψαμένου,
632 480 696 570 τὴν
724 482 786 570 μὲν
813 482 915 552 πόλιν
942 479 1034 569 ὑμῶν
1054 491 1146 549 καθαι-

165 593 311 676 ρεθῆναι
332 591 388 658 καὶ
411 589 494 678 μήτε
515 594 585 660 τῶν
609 593 784 677 δημοσίων
804 587 886 677 μήτε
908 592 977 657 ταῖν
1001 592 1148 657 ἰδιωτικῶν

163 695 489 784 κατασκευασμάτων
519 694 632 784 ὀρθόν
663 723 695 765 τι
733 698 830 764 ἐᾶσαι
862 696 1034 782 διαμένειν
1064 694 1149 782 μηθὲν

123 767 225 896 ὅῧέξω
240 808 244 816 ’
258 806 326 871 τῶν
359 805 476 892 ἱερῶν·
515 802 595 884 τοὺς
627 802 659 871 δ’
689 805 727 872 έν
759 799 843 892 αὐτῇ
879 801 1009 882 πάντας
1042 806 1175 887 ἔχοντας·

164 905 224 988 οὓς
254 909 311 977 καί
344 913 412 978 νῦν
450 913 565 996 ἔχουσι
605 909 752 998 κλήρους
788 907 1017 995 ἀνδραπόδων
1051 933 1083 975 τε
1113 907 1151 973 καὶ

161 1015 383 1103 βοσκημάτων
401 1016 457 1084 καὶ
475 1020 544 1084 τῶν
563 1015 678 1086 ἄλλων
700 1015 882 1104 χρημάτων
906 1013 1019 1102 μηθὲν
1042 1012 1151 1101 ἀφαιρε

161 1125 286 1204 θέντας
308 1125 346 1191 έν
363 1119 474 1210 Ῥιδμη
497 1119 558 1190 τὸν
581 1120 647 1191 νἰπὸ
670 1126 771 1191 τοῦδε
794 1121 922 1210 χρόνον
947 1109 1065 1188 οἰκεῖν·
1090 1117 1150 1204 ὅσην

160 1253 196 1297 τε
218 1226 256 1297 τὸ
279 1225 399 1296 κοινὸν
421 1224 518 1315 ὑμῶν
542 1230 694 1316 ἐκέκτητο
714 1232 779 1315 γῆν
801 1242 873 1308 τοῖς
894 1229 1031 1314 μηθένα
1053 1230 1149 1313 κλῆρον

121 1351 147 1394 10
162 1339 299 1423 ἔχουσιν
328 1332 502 1420 Ἀλβανῶν
540 1338 804 1424 διαμερισθῆναι
836 1335 939 1422 χωρὶς
970 1338 1042 1403 τῶν
1073 1335 1173 1420 ίερδνινν

158 1440 348 1528 κτημάτων,
363 1443 396 1524 ἐξ
416 1431 466 1509 ὦν
484 1443 523 1508 αί
537 1447 659 1509 θυσίαι
673 1455 745 1522 τοῖς
757 1451 854 1523 θεοῖς
872 1444 1039 1529 έγίνοντο.
1076 1449 1144 1507 οίινν

160 1546 198 1615 δὲ
221 1550 437 1635 κατασκευῆς,
460 1550 499 1616 έν
522 1541 574 1628 οἷς
591 1547 671 1628 τοὺς
688 1552 785 1634 βίους
805 1546 989 1636 ἱδρύσεσθε
1010 1551 1046 1616 οί
1062 1573 1143 1636 μετον-

160 1652 348 1741 ιστάμενοι,
370 1652 451 1723 καθ’
478 1650 539 1734 οὓς
562 1659 696 1723 ἔσονται
723 1658 783 1743 τῆς
805 1654 934 1735 πόλεως
956 1653 1095 1738 τόπους,
1113 1650 1149 1739 ἐμὲ

157 1759 368 1848 ποιήσασθαι
407 1759 576 1849 πρόνοιαν
617 1760 899 1848 συλλαμβάνοντα
937 1774 1011 1841 τοῖς
1046 1759 1151 1844 άπορω

118 1918 144 1959 ,5
157 1866 268 1948 τάτοις
286 1865 383 1956 ὑμῶν
401 1871 460 1954 τῆς
478 1873 526 1947 είς
543 1865 584 1936 τὰ
598 1871 679 1954 ἔργα
694 1866 855 1955 δαπάνης.
892 1868 948 1935 καὶ
963 1866 1002 1936 τὸ
1015 1867 1078 1956 μὲν
1091 1865 1152 1933 ἄλλο

156 1978 289 2062 πλῆθος
315 1971 411 2062 ὑμῶν
442 1972 525 2062 μετὰ
556 1977 626 2042 τῶν
652 1973 732 2062 παρ’
757 1973 840 2062 ἡμίν
874 1978 1068 2062 δημοτικῶν
1094 1993 1153 2040 συν-

156 2089 264 2150 τελεῖν
293 2084 342 2161 είς
368 2080 478 2167 φυλὰς
503 2081 560 2149 καί
584 2079 735 2168 φράτρας
762 2084 1028 2170 καταμερισθέν,
1050 2081 1154 2167 βουλῆς

158 2187 196 2256 δὲ
219 2189 367 2275 μετέχειν
389 2187 447 2256 καὶ
469 2185 574 2275 νἰρχδις
600 2187 788 2276 λαμβάνειν
817 2189 874 2257 καί
896 2202 968 2268 τοῖς
989 2191 1154 2275 πατρικίοις

156 2298 436 2383 προσνεμηθῆναι
467 2293 586 2374 τούςδε
617 2292 697 2375 τοὺς
726 2303 853 2375 οίκους·
887 2292 1066 2380 Ἰουλίους,
1092 2303 1153 2376 Σερ-

116 2414 143 2457 20
158 2406 324 2488 ουίλίους,
360 2404 565 2488 Κορατίους,
607 2406 841 2485 Κοϊντιλίους,
878 2406 1077 2484 Κλοιλίους,
1109 2403 1135 2466 Γ
1132 2423 1153 2463 ε-

155 2512 311 2596 γανίους,
335 2511 531 2587 Μετιλίους·
559 2510 710 2577 Μέττιον
734 2507 772 2576 δὲ
794 2508 851 2575 καὶ
875 2504 954 2587 τοὺς
977 2504 1043 2575 σὺν
1064 2503 1153 2592 τούτῳ

154 2612 405 2699 βουλεύσαντας
430 2610 493 2699 τὴν
520 2617 710 2701 προδοσίαν
739 2616 834 2693 δίκας
860 2611 1037 2699 ὑποσχεῖν,
1065 2608 1101 2692 ἃς
1120 2606 1153 2676 δν

153 2717 248 2808 ἡμεῖς
274 2718 425 2806 τάξωμεν
454 2721 609 2789 δικασταὶ
635 2721 712 2810 περὶ
739 2721 881 2788 ἑκάστου
907 2723 977 2789 τῶν
1006 2717 1152 2788 ὑπαιτίων

153 2825 390 2913 καθεζόμενοι·
414 2823 544 2896 οὐθένα
562 2824 627 2914 γὰρ
646 2824 919 2914 ἀποστερήσομεν
934 2831 1074 2915 κρίσεως
1087 2822 1151 2894 οὐδὲ

113 2944 140 2986 ²⁵
154 2931 268 3020 λόγου.

224 3134 241 3182 4
260 3123 374 3202 ὀρθὸ<ν
394 3125 498 3202 ἐᾶσαι)
512 3128 535 3182 Β
554 3123 647 3198 ὀρθὸν
662 3123 768 3182 ἐᾶσθαι
783 3145 807 3182 ο.
817 3126 957 3198 Kiessling
1012 3125 1149 3200 ’ίμηδὲνλ

152 3206 168 3254 9
187 3195 257 3271 ἡμῖν
275 3203 301 3254 A
361 3206 393 3254 11
414 3198 512 3254 οίκιων
532 3197 639 3256 Ocorr.
652 3198 795 3268 Kiessling
859 3204 892 3254 13
912 3197 1038 3272 ἔσονται]
1057 3192 1147 3254 ἕλοισθ’

152 3264 189 3323 δν
213 3286 236 3324 ο.
260 3269 399 3325 ΒδοΙνεΙσι·
477 3276 509 3325 16
533 3264 602 3339 ἡμῖν
621 3272 646 3324 R
669 3267 736 3341 ὑμῖν
754 3269 777 3322 Β
854 3276 889 3324 20
912 3272 1068 3340 γεγανίους,
1089 3287 1148 3339 μετι-

152 3341 229 3400 λίους
251 3339 282 3393 in
301 3340 323 3394 0
338 3342 450 3409 praeter
463 3340 486 3391 B
500 3343 566 3408 post
584 3342 758 3410 σερουϊλίους
774 3342 886 3397 exstant
901 3342 906 3410 l
922 3361 973 3411 κορ
984 3384 991 3400 .
1002 3345 1092 3404 ατίονς
1107 3340 1126 3394 Β
1142 3337 1144 3408 λ

152 3407 367 3496 κςυι>ντιλίουρ
384 3409 427 3494 Β]
443 3410 593 3477 γερανίους
612 3411 635 3466 Ο
655 3427 724 3466 corr.
745 3412 904 3482 Stephanus
976 3420 1010 3468 23
1029 3407 1065 3468 ἂν
1081 3408 1146 3482 ἡμεῖς

152 3477 282 3546 τάξωμεν
300 3478 323 3531 Β
343 3499 369 3547 η.
388 3480 511 3548 ταξομεν
529 3479 555 3533 R
627 3487 662 3535 24
680 3476 793 3536 οὐθένα
812 3483 834 3537 Β
853 3479 946 3540 οὐθὲν
964 3485 991 3538 R
