2404 3918
89 154 155 220 396
511 187 546 196 -
584 159 678 211 Γ-

89 316 202 388 αύτῶυ
238 320 330 387 έστιν
367 315 525 406 ἑκάτερον
563 315 717 405 εἰκοστὴν
753 313 818 406 ἤδη
857 316 914 385 καὶ
945 317 1102 406 τετάρτην

90 423 221 512 γενεάν.

179 533 276 601 ΙιΧΧ.
300 529 337 599 ‘0
355 530 393 600 δὲ
415 535 484 601 τῶν
504 531 744 602 οἰωνοσκόπων
763 533 1028 619 ἐπιφανέστατος
1045 527 1105 618 <δ>

89 637 169 721 τοὺς
190 636 327 726 βωμοὺς
349 637 644 728 μεθιδρυσάμενος
669 640 726 708 καὶ
749 636 787 708 τὸ
811 636 905 727 ίερδν
929 642 992 707 τοῦ
1015 635 1149 718 Διὸςσει

65 752 265 834 ιτεμενίσας
286 747 342 815 καὶ
364 737 468 816 τᾶλλα
490 748 665 835 προλέγων
693 743 733 816 τὰ
754 755 834 815 θεῖα
855 749 902 838 τῷ
927 744 1023 836 δήμῳ
1048 743 1107 812 διὰ

90 856 250 942 μαντικῆς
282 850 382 933 αύιδς
416 852 477 940 μὲν
510 855 658 922 ἐκαλεῖτο
689 852 728 922 τὸ
759 850 879 923 κοινὸν
911 850 1022 939 ὄνομα
1051 852 1108 920 καὶ

90 958 339 1049 προσηγορικὸν
362 961 503 1045 Νέβιος,
530 958 568 1029 τὸ
602 960 640 1030 δὲ
672 957 873 1047 συγγενικὸν
891 957 1040 1044 Ἀττιος,
1073 955 1109 1038 ὃς

90 1063 251 1136 ἁπάντων
286 1068 548 1154 θεοφιλέστατος
590 1064 802 1153 ὁμολογεῖται
837 1067 1000 1153 γενέσθαι
1036 1069 1107 1134 τῶν

90 1171 324 1260 ἀκριβούντων
360 1170 422 1261 τὴν
458 1175 581 1261 τέχνην
616 1174 673 1242 καλ
709 1178 868 1261 μεγίστου
903 1181 1019 1259 τυχεῖν
1057 1170 1106 1239 δι’

52 1303 78 1342 ιο
92 1278 198 1368 αὐτὴν
227 1278 393 1366 ὀνόματος
419 1278 580 1360 ἀπίστους
608 1278 704 1360 τινάς
730 1277 918 1368 ὑπερβολάς
944 1283 1006 1366 τῆς
1028 1284 1107 1348 οἰω-

90 1390 295 1474 υομαντικῆς
327 1386 508 1475 ἐπιστήμης
540 1386 800 1474 ἐπιδειξάμενος·
833 1378 882 1456 ἀν
914 1385 978 1472 έγιδ
1012 1391 1107 1474 μίαν,

90 1489 134 1580 ἣν
163 1491 305 1580 μάλιστα
331 1492 542 1580 τεθαύμακα,
571 1493 869 1582 προχειρισάμενος
900 1494 964 1582 έριό
992 1519 1108 1582 προει-

90 1596 164 1667 πάν
192 1601 226 1680 έξ
255 1601 328 1680 οἵας
355 1597 518 1689 ὁρμηθεὶς
545 1606 726 1689 συντυχίας
747 1601 803 1670 καλ
832 1605 927 1682 τίνας
948 1598 1108 1689 ἀφορμὰς

91 1704 181 1795 παρὰ
212 1710 273 1775 τοῦ
304 1709 486 1794 δαιμονίου
516 1705 631 1795 λαβιδν
662 1707 831 1795 τοσαύτην
861 1713 956 1796 ἔσχεν
984 1707 1106 1795 ἐπιφά-

52 1835 78 1876 15
91 1841 203 1899 νειαν,
241 1811 325 1883 ὥστε
361 1813 489 1894 πάντας
523 1812 667 1902 ἀζήλους
702 1816 875 1897 ἀποδεῖξαι
910 1813 991 1895 τοὺς
1021 1813 1109 1884 κατὰ

51 1916 153 2008 ἳτὴν
182 1920 287 2010 αύιὴν
315 1919 528 2009 ἀκμάσαντας
557 1919 701 2009 ἡλικίαν.
749 1923 853 2008 πένης
879 1919 968 2015 αύτῷ
996 1922 1108 2012 πατὴρ

92 2030 223 2115 ἐγένετο
247 2034 372 2117 χωρίον
396 2026 524 2108 εὐτελὲς
546 2032 721 2117 γεωργῶν,
746 2020 775 2121 ᾦ
796 2029 838 2110 τά
859 2056 895 2098 τε
917 2028 1003 2099 ἄλλα
1025 2049 1108 2098 συν-

91 2135 258 2222 ειργάζετο
290 2150 368 2216 παῖς
400 2131 448 2206 ἀν
481 2132 668 2222 δΝέβιος,
701 2133 765 2205 ὅσα
795 2149 867 2217 τοῖς
896 2136 1109 2223 τηλικούτοις

92 2242 237 2330 δύναμις
258 2235 318 2330 ἦν,
339 2243 395 2311 καὶ
419 2240 480 2322 τάς
500 2232 541 2322 ύς
563 2240 752 2323 ἐξελαύνων
776 2246 923 2328 ἔβοσκεν.
964 2241 1154 2313 duom-⁶88

51 2377 77 2417 ιο
92 2351 213 2438 μηθεὶς
236 2351 276 2418 δέ
296 2373 376 2418 ποτε
397 2350 462 2418 καλ
477 2348 557 2436 μετὰ
575 2346 638 2434 τὴν
662 2350 829 2438 ἐξέγερσιν
853 2348 915 2438 οὐχ
937 2348 1105 2439 εὑρίσκων

90 2454 186 2537 τινάς
207 2461 276 2526 τῶν
299 2453 372 2526 ύοῖν
395 2457 476 2536 τέως
497 2454 558 2543 μέν
583 2459 692 2524 ἔκλαιε
714 2454 773 2536 τάς
789 2453 917 2543 πληγὰς
939 2455 1107 2545 ὀρρωδῶν

88 2561 149 2644 ’τὰς
170 2561 260 2649 παρά
283 2567 344 2631 τοῦ
366 2565 507 2651 πατρός,
537 2561 637 2632 ἔπειτ’
663 2560 776 2631 έλθιδν
800 2564 853 2632 ἐπὶ
874 2561 937 2650 τὴν
960 2565 1107 2634 καλιάδα

90 2669 153 2758 τὴν
180 2673 218 2740 έν
245 2673 291 2762 τῷ
319 2676 431 2762 χωρίῳ
458 2672 715 2758 καθιδρυμένην
745 2667 868 2759 ἡρώων
899 2668 998 2757 ἠξίου
1027 2671 1108 2753 τούς

91 2777 204 2867 ἥρωας
226 2779 441 2865 συνεξευρεῖν
469 2775 559 2869 αύτῷ
586 2774 645 2857 τὰς
672 2768 728 2864 ὗς,
758 2779 944 2865 γενομένου
968 2777 1007 2846 δὲ
1029 2779 1107 2848 τού-

50 2909 77 2951 ιι
90 2911 153 2954 του
175 2884 299 2953 θύσειν
323 2882 437 2965 αύιοῖς
459 2882 619 2972 ὑπέσχετο
642 2881 703 2953 τὸν
722 2885 879 2971 μέγιστον
897 2887 966 2954 τῶν
989 2887 1027 2954 ἐκ
1044 2891 1107 2956 τοῦ

51 2990 72 3055 3
91 2996 219 3081 χωρίου
242 2991 406 3079 βοτρύων.
447 2989 557 3080 εὑρὼν
581 2989 618 3059 δὲ
641 2989 713 3078 μετ’
736 2988 852 3078 ὀλύγον
874 2988 934 3072 τὰς
950 2982 991 3072 ὗς
1009 2994 1109 3079 έβού.

163 3145 348 3235 1τετάρτην]
367 3171 387 3206 π
388 3147 480 3222 ράτην
508 3169 531 3208 ο.
555 3151 711 3208 Ambroseh
739 3150 851 3218 Quaest.
880 3150 962 3207 Dion.
981 3153 995 3206 I
1023 3171 1050 3224 p.
1072 3158 1104 3208 15

91 3218 227 3277 3ὁκδά
245 3220 390 3292 Kiesslmg
465 3218 535 3276 5τά
559 3223 750 3278 θειαΒοιιι.
768 3223 795 3276 R
872 3217 1103 3278 orama

93 3298 125 3344 11
141 3286 381 3378 ἀποδειξάμενος
380 3294 426 3346 Βο
441 3286 477 3360 Ι“
462 3311 496 3345 ον
510 3294 535 3346 A
595 3298 629 3347 14
642 3289 779 3378 λαβόντος
793 3287 884 3361 αύτην
897 3291 944 3347 Ba
996 3300 1030 3350 18
1045 3297 1102 3348 ναί-

92 3363 153 3428 βιος
174 3361 221 3413 Ba
306 3367 339 3414 19
362 3353 399 3446 ἦγ
423 3362 476 3416 del.
499 3362 602 3418 Reiske
689 3370 722 3418 23
746 3359 876 3432 τὴντῶν
899 3359 933 3418 ἐν
953 3365 992 3437 τῷ
1010 3367 1102 3438 χωρίῳ

92 3427 346 3498 καθιδρυμένων“
331 3426 433 3498 ηράων
451 3448 474 3486 ο.
492 3431 596 3487 Reiske
