2408 3928
473 217 640 268 ..Γ-

141 375 212 442 VII.
245 378 355 443 Ταῦτα
379 372 420 464 δὴ
444 371 566 462 μαθὼν
590 372 609 443 ὁ
631 374 838 461 Φουφέττιος
862 377 910 443 ἔτι
933 377 1064 461 μᾶλλον

62 485 188 548 ἔσπευσε
209 481 417 569 ποιήσασθαι
439 479 499 562 τάς
522 482 708 568 διαλύσεις,
732 476 776 562 ὡς
799 478 880 550 ούδέ
903 482 1063 569 αἱρέσεως

61 592 102 654 ε”τι
134 591 193 656 τοῦ
229 585 274 676 μή
305 592 409 658 ταῦτα
444 588 603 678 πράττειν
640 593 738 676 σφίσι
773 589 1064 677 καταλειπομένης.

60 692 196 780 ἐγεγόνει
225 694 346 764 δὲκαὶ
372 699 419 789 τῷ
447 702 581 784 βασιλεῖ
604 699 673 766 τῶν
695 693 869 784 Ῥωμαίων
896 693 980 783 ὑπὲρ
1004 699 1064 784 τῆς

61 805 261 888 συνωμοσίας
278 801 401 890 ταύτης
420 801 468 891 [ἡ]
486 801 631 891 μήνυσις
648 802 738 890 παρὰ
761 807 830 872 τῶν
854 804 891 872 ἐκ
911 802 1090 891 Φιδήνηςε

61 911 169 994 φίλων,
194 905 274 978 ὥστ’
301 907 375 979 οὐδ’
401 909 501 990 αύτὸς
532 915 579 980 ἔτι
608 909 831 997 διαμελλήσας
854 909 982 998 δέχεται
1005 907 1064 989 τὰς

60 1018 110 1081 τοῦ
139 1021 352 1103 Φουφεττίου
381 1015 589 1106 προκλήσεις.
642 1017 712 1087 ἐπεὶ
743 1015 780 1086 δέ
808 1020 985 1103 συνῆλθον
1015 1020 1063 1097 είς

61 1119 229 1209 τὸμεταξύ
250 1150 319 1193 τιον
342 1126 579 1213 στρατοπέδων
601 1128 728 1213 χωρίον
753 1122 956 1211 ἀπαγόμενοι
979 1141 1062 1211 συμ

64 1230 189 1326 βούλους
219 1229 369 1320 ἑκάτεροι
395 1229 475 1312 τοὺς
502 1235 673 1321 φρονῆσαι
700 1228 741 1302 τά
769 1231 891 1300 δέοντα
915 1229 1062 1317 ἱκανούς,
1100 1247 1103 1254 “

63 1332 277 1426 ἀσπασάμενοι
308 1342 442 1424 πρῶτον
474 1336 641 1426 ἀλλήλους
674 1334 719 1419 ὡς
749 1336 916 1427 πρότερον
946 1335 1062 1407 είύδε·
1077 1361 1104 1402 ιο

59 1460 111 1510 σαν
134 1445 192 1513 καὶ
220 1447 535 1535 φιλοφρονηθέντες
561 1443 621 1526 τάς
647 1445 814 1536 ἑταιρικάς
841 1472 876 1515 τε
903 1447 959 1514 καὶ
982 1464 1063 1534 συγ-

58 1549 175 1633 γενικάς
209 1551 466 1641 φιλοφροσύνας
499 1554 690 1639 διελέγοντο
728 1553 804 1642 περὶ
840 1556 909 1624 τῶν
947 1550 1063 1622 διαλύ-

58 1673 140 1725 σεων.
186 1657 307 1747 ήρηετο
332 1657 363 1726 δ’
391 1657 590 1747 δἈλβανδς
616 1659 779 1750 πρότερος
800 1659 917 1730 τοιάδε
939 1661 1061 1747 λέγων·
1080 1661 1102 1725 2

23 1759 245 1852 ιιιἉναγκοιίον
274 1764 366 1834 εἷναί
394 1792 452 1855 μοι
484 1751 580 1836 δοκεῖ
605 1764 666 1848 τὰς
697 1770 804 1847 αίτίας
831 1771 965 1855 πρῶτον
993 1768 1062 1834 ἐπι-

58 1872 164 1960 δεῖξαι,
195 1870 241 1941 δι’
267 1871 307 1953 ἀς
334 1870 399 1960 έγύ
426 1877 557 1963 πρῶτος
587 1871 714 1960 ήξίωσα
745 1874 822 1960 περὶ
848 1872 1061 1954 καταλύσεως
1075 1898 1102 1940 15

56 1982 106 2046 τοῦ
130 1982 282 2068 πολέμου
309 1983 541 2069 διαλέγεσθαι,
570 1979 648 2050 ούτε
675 1980 762 2070 μάχη
790 1980 970 2068 κρατηθεὶς
996 1977 1058 2066 ἀφ’

56 2081 139 2172 ὑμῶν
168 2085 241 2156 οὔτ’
267 2087 495 2177 ἐπισιτισμοὺς
522 2087 719 2175 εἰσάγεσθαι
740 2086 956 2175 κωλυόμενος
984 2084 1062 2155 ούτε

56 2196 95 2272 είς
119 2192 227 2283 ἀλλην
259 2197 574 2284 κατακεκλεισμένος
606 2193 759 2282 ἀνάγκην
793 2191 970 2281 οὐδεμίαν,
1003 2196 1062 2263 ἵνα

55 2300 93 2386 μή
118 2328 157 2388 με
190 2299 381 2391 ὑπολάβητε
412 2306 471 2389 τής
500 2301 562 2390 μέν
596 2306 720 2383 οίκείας
751 2299 928 2388 δυνάμεως
959 2298 1061 2370 ἀσθέ-

55 2431 139 2476 νειαν
161 2407 410 2496 κατεγνωκότα,
432 2406 495 2496 τήν
524 2407 562 2476 δέ
583 2407 748 2496 ὑμετέραν
774 2406 874 2494 ίσχδν
898 2411 1060 2476 δυσκατα-
1074 2432 1102 2472 ιο

54 2513 213 2595 γύνιστον
237 2512 325 2584 εἶναι
351 2520 531 2603 νομίζοντα
558 2513 704 2603 εύπρεπή
733 2521 841 2604 ζητεῖν
863 2512 1061 2602 ἀπαλλαγήν

54 2624 106 2688 τοῦ
126 2622 287 2709 πολέμου.
332 2619 498 2710 ἀφόρητοι
524 2620 589 2711 γὰρ
614 2619 657 2691 ἀν
684 2625 845 2710 γένοισθε
867 2619 933 2692 ὑπὸ
957 2621 1062 2711 βαρύ-

54 2751 151 2814 τητος,
175 2736 209 2797 εί
223 2754 256 2806 τι
273 2733 465 2815 πεισθείητε
483 2731 559 2819 περὶ
577 2728 673 2819 ἡμῶν
691 2734 859 2816 τοιοῦτον,
877 2730 937 2797 καὶ·
954 2727 1061 2798 οὐδέν

53 2827 91 2900 ἀν
116 2839 183 2904 τῶν
212 2840 357 2923 μετρίων
378 2833 599 2929 γὑπομείναιτε
625 2850 751 2923 ποιεῖν,
784 2833 829 2918 ὡς
860 2840 1063 2926 κρατοῦντες

116 3036 132 3084 3
152 3025 200 3086 έπλ
218 3031 269 3086 τοῦ
290 3030 312 3087 O
333 3033 338 3102 Ι
359 3025 450 3086 ταύτά
478 3048 501 3087 α.
524 3031 663 3088 Βδολιελθε
739 3027 793 3102 δή
818 3033 873 3088 δελ.
892 3032 1059 3106 Kiessling}

55 3136 167 3207 φιδηκῆς
184 3139 212 3192 Α
230 3115 395 3208 ήάδήνηςΒ
450 3134 699 3209 6διαμελήσαςΒ
769 3146 803 3195 10
821 3134 860 3204 ὥς
878 3160 908 3210 φ.
925 3139 950 3193 A
969 3136 1061 3211 (καί)

56 3207 119 3271 φ.Β
200 3215 234 3266 13
258 3206 396 3280 πρότερον
420 3207 443 3264 0
468 3226 538 3268 corr.
561 3209 703 3281 Kiessling
786 3217 819 3266 14
844 3205 986 3276 ἐπιδεῖξαι
1009 3206 1062 3273 τὰς

55 3274 138 3342 αἰτίας
155 3281 268 3351 πρῶτον
288 3281 311 3336 Ο
334 3280 488 3352 φεοελιεεΒ
562 3286 595 3336 15
618 3276 754 3351 πρότερος
776 3299 799 3340 ο.
818 3281 944 3336 Reudler
967 3280 1062 3338 Τίτου.

56 3362 80 3414 p.
96 3354 128 3406 28
199 3357 233 3408 17
258 3349 324 3408 οὔτε
348 3349 390 3415 είς
412 3347 500 3421 ἀλλην
521 3351 794 3423 κατακεκλεισμένος
814 3368 869 3408 om.
888 3352 977 3422 ΑΒο,
996 3352 1061 3408 εδδ.

57 3415 127 3503 Βμιρ
197 3429 232 3478 2²
251 3419 308 3480 ἀπὸ
328 3418 485 3496 βαρύτητος
508 3421 562 3479 del.
582 3423 703 3478 Reudler
721 3424 740 3477 l.
754 3423 773 3477 1.
847 3428 881 3478 23
899 3423 1032 3477 τοιοῦτοὶ)
1053 3422 1058 3492 Ι

57 3489 171 3548 ονδὲνΒ
245 3499 281 3549 24
297 3490 551 3566 ύιτομείν<η>τεΒ
705 3525 712 3540 ·
