2408 3928
458 216 627 270 -B-
986 213 1054 280 225

31 402 112 444 νιον
136 374 255 464 ῦχθον.
292 374 329 445 τὸ
349 374 380 445 δ’
401 373 624 463 ὑποκείμενον
643 380 687 468 τῷ
707 381 909 468 Καπιτωλίῳ
932 381 1051 447 πεδίον
1070 382 1093 447 2

32 483 238 566 ἐκκόψαντες
269 481 331 570 τήν
363 485 401 552 ἐν
438 481 528 576 αύτῷ
560 497 752 571 πεφυκυῖαν
787 480 875 570 ῦλην
906 484 962 552 καί
994 489 1054 571 τής

33 596 166 678 λίμνης,
189 586 211 677 ἢ
234 589 277 678 δή
301 587 358 658 διά
380 589 419 660 τὸ
442 598 560 659 κοῖλον
581 587 669 660 εἶναι
691 589 730 660 τὸ
754 596 880 678 χωρίον
903 591 1053 677 ἐπλήθυε
1132 590 1135 596 ’

34 711 105 778 τοῖς
127 702 303 770 κατιοῦσιν
322 700 444 767 ἐκτῶν
469 695 559 784 δρῦν
577 696 715 786 νάμασι,
738 694 904 768 τὰπολλὰ
922 696 1053 786 χώσαν-

34 831 86 884 τες
122 802 252 892 ἀγορὰν
289 801 412 874 αὐτόθι
448 804 712 892 κατεστήσαντο,
748 796 769 894 ᾖ
806 805 862 873 καί
898 811 964 876 νῦν
1002 811 1051 876 ἐτι
1077 838 1092 880 ι

36 911 203 1002 χρώμενοι
221 910 378 1000 Ῥωμαῖοι
403 915 609 997 διατελοῦσι,
636 911 692 980 καί
718 909 778 991 τάς
806 911 976 995 συνόδους
999 916 1053 983 ἐν-

37 1023 150 1088 ταῦθα
182 1021 360 1088 ἐποιοῦντο
392 1021 429 1089 ἐν
461 1016 649 1107 Ἡφαίστου
685 1025 940 1107 χρηματίζοντες
973 1025 1053 1114 ίερῷ

39 1124 159 1215 μικρὸν
182 1125 419 1213 ἐπανεστηκότι
445 1130 504 1213 τῆς
530 1123 664 1213 άγορῦς.
710 1125 783 1214 ίερά
809 1153 845 1196 τε
868 1126 1093 1216 ίδρύσαντο3

41 1233 93 1300 καί
114 1232 251 1320 βωμούς
273 1235 488 1320 καθιέρωσαν
513 1228 564 1312 οἷς
592 1231 737 1319 ηῦξαντο
760 1231 843 1302 κατὰ
865 1232 924 1314 τὰς
946 1235 1052 1324 μάχας

9 1349 149 1426 ιιιθεοίς,
168 1337 337 1428 Ῥωμύλος
360 1339 421 1428 μέν
445 1337 604 1430 ὀρθωσίῳ
630 1340 690 1406 Διὶ
717 1337 807 1426 παρὰ
833 1355 905 1421 ταῖς
927 1350 1049 1412 καλου-
1064 1367 1090 1407 ιο

40 1448 155 1533 με’ναις
179 1454 382 1534 Μουγωνίσι
402 1445 538 1533 πύλαις,
562 1451 600 1514 αδ
619 1446 784 1534 φέρουσιν
807 1451 855 1528 είς
876 1447 915 1516 τὸ
938 1448 1055 1518 Παλά-
1107 1451 1154 1500 ¹›·‘

38 1665 165 1746 χοῦσαν
184 1663 340 1748 ἐποίησεν
359 1658 376 1728 ὁ
396 1658 478 1740 θεὸς
496 1657 691 1739 ὑπακούσας
707 1674 780 1740 ταῖς
798 1658 910 1747 εύχοιίς
928 1665 1052 1749 στῆναί

37 1794 70 1836 τε
92 1769 148 1836 καί
170 1766 253 1856 πρὸς
271 1765 376 1854 άλκήν
399 1769 598 1855 τραπέσθαι·
626 1765 745 1846 Τάτιος
764 1765 801 1836 δέ
817 1764 922 1858 Ἡλίῳ
940 1795 975 1837 τε
993 1769 1049 1837 καὶ

38 1873 169 1963 Σελήνη
192 1875 249 1942 καὶ
271 1873 396 1962 Κρόνῳ
424 1873 480 1942 καί
499 1869 585 1963 Ῥέᾳ,
611 1870 695 1959 πρὸς
725 1872 763 1942 δὲ
785 1872 917 1954 τούτοις
935 1871 1049 1966 Ἑστίᾳ
1063 1897 1090 1940 ιο

38 1980 90 2047 καί
107 1978 280 2072 Ἡφαίστῳ
306 1981 363 2048 καί
382 1977 548 2068 Ἀρτέμιδι
575 1979 631 2048 καί
652 1977 816 2070 Ἐνυαλίῳ
848 1979 904 2048 καί
935 1978 1052 2063 άλλοις
1194 2059 1195 2068 ¹

38 2094 145 2172 θεοῖς,
171 2077 221 2154 ῦν
248 2085 392 2174 χαλεπὸν
421 2087 562 2167 ἐξειπεῖν
580 2082 717 2154 Ἑλλάδι
745 2083 872 2173 γλόττη
904 2084 945 2154 τά
974 2086 1051 2157 όνό-
1118 2165 1126 2178 ,

40 2219 135 2278 ματα,
172 2196 211 2262 ἐν
242 2190 386 2274 άπάσαις
420 2219 457 2263 τε
488 2208 561 2273 ταῖς
596 2198 748 2281 κουρίαις
771 2190 859 2281 Ἥρᾳ
890 2195 1082 2278 τραπέζαςι

41 2303 130 2368 ἐθετο
153 2304 301 2388 κυριτίδι
319 2302 495 2389 λεγομένη,
518 2306 557 2368 αδ
571 2301 627 2368 καὶ
651 2303 698 2379 είς
717 2298 797 2368 τόδε
815 2296 942 2388 χρόνου
960 2313 1050 2368 κείν-

39 2431 96 2472 ται.
151 2412 208 2493 ἐτη
239 2405 301 2495 μὲν
334 2400 397 2476 οὖν
433 2410 531 2477 πέντε
568 2410 856 2493 συνεβασίλευσαν
890 2403 1050 2492 ἀλλήλοις

10 2508 121 2601 ιιεῦπὲρ
147 2511 290 2594 οὐδενὸς
317 2513 558 2602 διαφερόμενοι
587 2511 769 2601 χρήματος,
793 2513 830 2580 ἐν
854 2507 905 2592 οἷς
926 2509 1049 2600 κοινήν

41 2623 154 2706 πρᾶξιν
187 2618 403 2704 άπεδείξαντο
435 2618 497 2708 τήν
531 2620 584 2688 ἐπὶ
616 2615 831 2707 Καμερίνους
863 2624 1049 2707 στρατείαν.

42 2725 197 2814 ληστήρια
228 2725 293 2815 γάρ
326 2728 547 2814 ἐκπέμποντες
579 2729 614 2795 οί
640 2733 828 2815 Καμερῖνοι
855 2727 911 2794 καὶ
941 2724 1049 2794 πολλὰ

41 2827 95 2916 τήν
123 2832 239 2922 χώραν
266 2831 378 2903 αύτῦν
406 2837 588 2912 κακοῦντες
616 2831 657 2901 οὐ
685 2835 891 2920 συνέβαινον
921 2833 975 2900 ἐπὶ
999 2835 1050 2900 δί-

43 2961 97 3022 κην
123 2939 284 3020 πολλάκις
314 2938 370 3008 ὑπ’
397 2937 509 3008 οιύτῶν
540 2939 758 3026 καλούμενοι·
791 2935 851 3019 οῦς
879 2941 915 3008 ἐκ
943 2963 1049 3027 παρα·
1062 2969 1091 3011 τε

43 3042 153 3126 τάξεώς
171 3072 207 3114 τε
225 3045 421 3132 νικήσαντες
436 3044 624 3136 (ἐχάρησαν
642 3043 706 3133 γάρ
725 3043 839 3126 αὐτοῖς
859 3043 976 3135 ὁμόσε)
991 3046 1048 3116 καί

1068 2377 1091 2442 4

106 3211 122 3260 3
141 3199 158 3276 ἣ
178 3202 213 3276 δή
233 3206 256 3259 Β
274 3201 330 3275 ήδη
344 3207 370 3261 R
424 3213 440 3262 8
459 3202 699 3276 ύπερανεστηκότι
718 3222 741 3261 ο.
757 3205 911 3260 Ambrosch
965 3211 981 3260 9
997 3197 1049 3267 οῦς

47 3287 65 3324 0.
81 3275 178 3332 Portus
265 3285 297 3333 11
322 3280 476 3349 μουχωνίσι
498 3278 655 3334 Ambrosoh
682 3278 834 3363 μουρωνίοι
852 3276 927 3330 ABa
954 3296 1047 3345 μυρω-

47 3345 93 3398 νίσι
111 3347 155 3401 Bb
179 3351 184 3418 Ι
206 3347 378 3404 παλλάντιον
396 3349 442 3403 Bb
516 3354 548 3403 13
569 3345 683 3417 ἐποίησε
702 3351 773 3409 θεος
791 3347 868 3401 ABa
892 3348 896 3412 Ι
920 3341 1047 3402 ῦπακοῦ-

48 3430 86 3468 σαι
101 3418 152 3472 ΑΒ
242 3427 275 3476 18
297 3414 371 3490 ήραν
393 3422 419 3475 A
510 3427 544 3475 19
567 3422 679 3494 κυριτίᾳ
706 3419 758 3473 ΑΒ
788 3435 856 3473 corr.
886 3417 1049 3473 Schbmann

48 3499 131 3553 opusc.
148 3492 161 3546 I
178 3509 206 3562 p.
225 3498 259 3547 31
332 3497 367 3548 20
387 3490 428 3546 ἔτι
447 3489 500 3563 μὲν
518 3492 543 3546 Α
615 3497 649 3545 22
669 3487 851 3555 ἐπεδείξαντο
871 3489 894 3541 Β

91 3595 185 3641 Dlom.
198 3600 265 3640 flu.
277 3600 296 3639 L
310 3611 350 3640 ια.
362 3600 464 3642 δεσυντ.
853 3580 886 3628 15
