2408 3928
570 213 737 264 4,
1197 89 1201 232 ί

147 375 243 453 ζοντο
265 367 452 460 άμφότεροι
473 367 514 440 τά
536 369 621 458 πρὸς
642 367 704 438 τὸν
726 368 887 457 πόλεμον,
913 367 954 438 οὐ
975 368 1086 458 μόνον
1107 369 1159 452 τὰς

147 481 273 558 οἰκείας
298 481 558 559 καθοπλίζοντες
586 475 764 564 δυνάμεις,
791 473 877 546 άλλὰ
905 476 961 544 καὶ
988 475 1050 558 τὰς
1075 477 1158 566 παρὰ

146 590 216 655 τῶν
238 582 399 673 ὑπηκόων
422 583 692 671 ἐπικαλούμενοι·
721 581 767 664 ὡς
790 583 828 652 δέ
849 583 959 654 πάντα
981 577 1026 671 ῆν
1050 583 1159 665 αὐτοῖς

145 691 287 782 εὐτρεπῆ
319 691 490 781 συνῄεσαν
525 688 628 779 ὁμόσε
663 691 720 759 καὶ
755 691 1157 780 καταστρατοπεδεύονται

104 824 118 864 ε
144 798 388 888 τετταράκοντα
406 802 467 886 τῆς
483 795 612 886 Ῥώμης
630 801 790 878 σταδίους
807 795 1025 886 ἀποσχόντες·
1049 802 1084 867 σί
1099 799 1158 888 μὲν

142 903 300 993 Ἀλβανολ
339 905 415 994 περὶ
459 902 518 985 τάς
557 905 768 992 καλουμένας
807 911 971 986 Κλοιλίας
1012 906 1159 995 τάφρους

146 1012 369 1102 (φυλάττουσι
391 1009 456 1100 γάρ
481 1017 529 1080 ἔτι
554 1009 617 1098 τῆν
640 1014 702 1080 τοῦ
725 1011 1037 1094 κατασκευάσαντος
1059 1012 1158 1093 αὐτὰς

143 1119 333 1209 ἐπίκλησιν)
355 1116 513 1206 Ῥωμαῖοι
544 1118 583 1188 δέ
613 1117 729 1206 ὀλίγον
762 1120 928 1208 ἐνδοτέρω
959 1118 1021 1190 τὸν
1053 1123 1157 1207 ἐπιτη-

103 1226 125 1292 2
145 1225 319 1295 δειότατου
342 1231 390 1306 είς
412 1228 672 1313 στρατοπεδείαν
694 1225 800 1296 τόπον
824 1227 1046 1315 ἐκλεξάμενοι.
1092 1230 1157 1296 ἐπεὶ

103 1358 130 1398 10
145 1332 182 1402 δὲ
211 1336 372 1402 συνεῖδον
400 1331 556 1420 άλλήλιου
583 1330 770 1421 άμφότεροι
802 1331 860 1413 τὰς
892 1334 1055 1423 δυνάμεις
1085 1330 1157 1404 οὔτε

142 1439 268 1528 πλήθει
290 1441 490 1527 λειπομένας
513 1438 590 1508 οὔτε
618 1436 795 1528 ὁπλισμοῖς
823 1437 966 1522 εὐτελεῖς
990 1441 1068 1512 οὔτε
1090 1456 1157 1522 ταῖς

142 1546 261 1628 άλλαις
282 1559 509 1635 παρασκευαῖς
538 1545 641 1626 οὔσας
663 1544 994 1635 εὐκαταφρονήτους,
1017 1553 1077 1636 τῆς
1099 1549 1156 1636 μὲν

142 1658 274 1742 ταχείας
301 1654 354 1722 ἐπί
382 1650 443 1721 τὸν
470 1651 588 1738 άγῶνα
616 1650 737 1743 ὁρμῆς,
763 1649 808 1740 ῆν
837 1653 908 1722 κατ’
935 1652 1042 1744 άρχδς
1069 1654 1155 1743 είχον
1200 1711 1201 1720 ,

143 1757 189 1838 ὡς
210 1758 295 1848 αὐτῆ
323 1758 438 1852 ἐφόδφ
465 1757 668 1847 τρεψόμενοι
694 1758 775 1840 τοὺς
796 1766 993 1848 πολεμίους,
1017 1761 1192 1849 ἀπέστη-414

102 1887 128 1930 ιε
142 1885 221 1934 σαν·
257 1869 410 1953 φυλακῆς
446 1865 485 1934 δὲ
522 1869 652 1954 μᾶλλον
683 1862 705 1953 ῆ
741 1867 1044 1956 προεπιχειρήσεως
1080 1869 1155 1956 πρό-

141 1999 242 2042 νοιαν
270 1972 463 2060 ἐλάμβανον
491 1970 722 2062 ὑψηλοτέρους
749 1976 937 2063 ἐγείροντες
957 1973 1038 2056 τοὺς
1060 1977 1155 2064 χάρα-
1199 1999 1200 2006 “

140 2107 215 2166 κας,
244 2078 348 2168 είσήει
374 2105 410 2150 τε
439 2077 551 2148 αὐτῶν
578 2093 650 2160 τοῖς
676 2080 904 2169 χαριεστάτοις
930 2081 1092 2171 λογισμὸς
1113 2080 1155 2162 ὡς

141 2185 227 2275 <οὐ>
243 2184 284 2254 τά
306 2184 466 2275 κράτιστα
489 2187 761 2275 βουλευομένοις,
783 2188 840 2256 καὶ
861 2187 1071 2277 κατάμεμψις
1090 2192 1154 2257 τῶν

101 2291 122 2356 3
141 2294 179 2361 ἐν
201 2295 297 2363 τέλει.
343 2293 527 2380 ἑλκομένου
551 2293 589 2362 δέ
606 2296 668 2362 τοῦ
692 2293 820 2381 χρόνου
843 2291 900 2362 διὰ
922 2299 1025 2382 κενῆς
1042 2293 1153 2386 (οὐδὲν

100 2424 128 2465 ιο
141 2397 205 2486 γάρ
230 2398 250 2468 ὅ
272 2426 304 2468 τι
327 2399 383 2467 καί
405 2393 511 2484 λόγου
539 2396 636 2481 άξιον
663 2408 729 2467 εἴτε
756 2403 983 2488 καταδρομαῖς
1004 2397 1152 2484 φιλῶνῆ

141 2516 348 2595 συμπλοκαῖς
376 2506 505 2574 ἱππέοιν
535 2509 700 2592 ἔβλαπτον
729 2503 909 2594 ἀλλήλους)
936 2503 954 2575 ὁ
977 2511 1040 2576 τοῦ
1062 2509 1151 2576 πολέ-

140 2640 208 2701 μου
236 2612 336 2696 δόξας
365 2620 471 2692 αἴτιος
498 2613 676 2699 γενονέναι
703 2618 864 2692 Κλοίλιος
890 2611 1083 2702 ἀχθόμενος
1103 2613 1152 2682 ἐπί
1197 2667 1198 2698 ,

140 2724 179 2809 τῆ
204 2717 359 2812 άπράκτφ
383 2719 536 2810 καθέδρᾳ
554 2718 695 2807 γνάμην
715 2723 810 2806 ἐσχεν
828 2718 960 2805 ἐξάγειν
977 2717 1040 2808 τήν
1060 2738 1150 2807 στρα-

139 2825 216 2895 τιδιν
239 2827 296 2896 καλ
318 2833 561 2916 προκαλεῖσθαι
578 2824 657 2906 τοὺς
679 2831 861 2913 πολεμίους
884 2831 932 2906 εἰς
955 2825 1076 2914 μάχην,
1095 2823 1148 2894 ἐὰν

211 2991 229 3041 4
248 2989 381 3043 συνιεσοιν
399 2988 423 3042 Β
443 2981 482 3056 Ι
469 2983 572 3078 ομόσε
575 2981 692 3042 BaR
678 2981 766 3056 ομόσε
790 2989 891 3056 χοιρειν
914 2987 963 3042 Bb
1037 2993 1052 3041 7
1070 3004 1145 3040 κατα

140 3055 325 3126 σκευάζοντες
342 3060 420 3114 ΑΒε
483 3064 517 3113 12
537 3054 636 3121 ουσαις
653 3059 700 3114 Ba
764 3062 796 3112 17
815 3052 1012 3127 χαριεστάτοις
1030 3056 1070 3121 εἰς
1087 3073 1144 3114 τονε

139 3127 290 3201 λσγισμούς
308 3130 331 3185 0
351 3147 421 3186 corr.
442 3129 505 3184 Sint
507 3130 565 3184 enin
583 3129 644 3184 Em.
663 3129 745 3184 Dion.
759 3127 818 3217 Ιχ)
833 3135 911 3198 3οχ
930 3130 982 3183 τοῦ
1002 3126 1143 3198 συγγενοῦς

138 3201 185 3255 vel
203 3202 254 3269 τῆς
270 3203 436 3270 συγγενείας
449 3204 510 3254 λοι
512 3196 581 3270 σμὸς
599 3218 622 3255 ο,
636 3200 740 3255 Βείελτο
753 3218 821 3262 τους
833 3196 1141 3286 χαριεστάτους-βου

139 3275 204 3325 λευο
206 3270 351 3355 μένουςο.
371 3270 463 3326 Cobet
480 3220 582 3324 δίεσθαι.
601 3271 683 3341 IXp
685 3276 764 3327 ‚319
841 3276 875 3326 18
894 3265 929 3325 σά
948 3271 1012 3326 αδδ.
1032 3266 1139 3326 Sintenis

139 3291 411 3423 11.1κατάμεμψις
432 3341 479 3395 Bb
497 3341 599 3396 Reiske
617 3289 906 3430 καταμέμφειςΒεΒ
982 3347 1018 3397 20
1036 3333 1140 3410 *ῆγεΟ
1195 3391 1196 3394 ,

140 3410 310 3497 Lapusqui
336 3410 424 3466 vertit
451 3410 518 3464 ‘aut
544 3411 770 3468 decursionibus’
800 3407 858 3482 ῆγ
860 3413 945 3468 evol
969 3415 1026 3468 εἴτε
1052 3411 1139 3481 legisse
1195 3399 1196 3469 ί

140 3471 296 3548 videtur,
278 3499 315 3548 ην
332 3479 456 3535 Reiske
502 3476 570 3534 210
589 3480 623 3537 δὲ
641 3485 692 3538 τοῦ
711 3482 759 3540 Bb
827 3490 863 3539 24
880 3503 952 3556 προ.
962 3477 1140 3540 καλεισθιιΒ
