2404 3918
565 231 732 310 '‘D'‘

141 380 255 472 προότη
282 382 342 454 τὸν
370 388 527 457 σωθέντα
553 384 706 474 ἀδελφὸν
735 387 893 454 ποθοῦσα
915 383 972 452 καὶ
998 380 1058 463 τὰς
1083 381 1185 469 ἀρείω

140 487 200 571 τὰς
225 495 294 561 τῶν
320 492 537 580 τεθνηκότων
569 491 649 581 παρ’
680 489 786 562 αύτού
814 500 939 577 μαθεῖν
969 491 1152 577 βουλομένη

140 600 209 666 τῦν
242 595 463 686 εὐσχημόνων
494 597 651 688 ὑπερίδοι
684 597 880 686 γυναικεῖόν
912 624 945 666 τι
976 595 1153 684 πάσχουσα.

101 705 122 770 3
142 701 163 791 ῆ
192 703 230 772 δὲ
257 702 323 793 ἀρα
351 703 393 774 ού
415 704 495 787 τοῦς
517 705 687 795 ἀδελφούς
712 709 872 774 ποθοῦσα
894 703 953 785 τὰς
975 702 1154 791 ἀσυνήθεις
1193 769 1194 800 3

113 809 325 899 5έτόλμησεν
362 814 511 894 ἐξελθεῖν
548 811 672 899 ὁδούς,
709 809 782 880 ἀλλ’
817 816 914 899 έρωτι
950 810 1152 899 κρατουμένη

141 921 209 987 τῶν
232 915 384 1001 ἀνεψιῶν
408 919 494 1006 ἑνός,
517 911 544 1014 ηδ
568 917 833 1007 καθωμολόγητο
862 915 928 987 ὑπὸ
953 920 1015 987 τοῦ
1037 915 1154 1006 πατρὸς

143 1025 195 1092 ἐπὶ
218 1024 326 1117 γάμῳ,
348 1026 404 1094 καὶ
422 1026 618 1114 κρύπτουσα
639 1024 809 1106 τὸπάθος
829 1023 1023 1114 ἀπόρρητον
1048 1023 1153 1110 ἐπειδή

143 1130 208 1215 [δὲ]
230 1134 299 1199 τεόν
327 1128 392 1200 ἀπὸ
422 1136 483 1202 τοῦ
511 1135 740 1220 στρατοπέδου
766 1131 860 1213 τινὸς
889 1130 1035 1220 ῆκουσεν
1059 1129 1152 1217 ἀπαχ-

142 1237 320 1323 χέλλοντος
347 1239 388 1307 τὰ
414 1240 491 1328 περὶ
517 1238 580 1327 τήν
604 1239 729 1328 μάχην,
753 1237 865 1310 ούκέτι
887 1242 1064 1327 κατέσχεν,
1088 1235 1150 1307 ἀλλ’

73 1411 76 1426 ,
103 1361 131 1402 1⁰
144 1345 324 1412 ἐκλιποῦσα
340 1342 423 1446 ,τήν
459 1349 570 1414 οίκίαν
607 1344 719 1433 ὥσπερ
756 1350 794 1413 αί
828 1345 990 1434 μαινάδες
1025 1347 1152 1435 ἐφέρετο

142 1448 227 1538 πρὸς
253 1449 312 1530 τάς
338 1449 445 1532 πύλας
471 1449 574 1520 οὐδὲν
602 1454 867 1542 ἐπιστρεφομένη
894 1455 953 1540 τῆς
975 1450 1153 1522 ἀνακαλού-

103 1556 205 1642 4σης
226 1582 262 1625 τε
284 1556 340 1624 καλ
363 1557 636 1646 μεταδιωκούσης
663 1563 803 1647 τροφοῦ.
849 1561 910 1642 έξω
935 1559 973 1628 δὲ
996 1563 1152 1648 γενομένη
1194 1597 1195 1602 1

143 1666 203 1748 τῆς
224 1662 352 1743 πόλεως
375 1661 421 1745 ὥς
442 1663 504 1734 τὸν
526 1663 678 1753 ἀδελφὸν
706 1664 775 1736 εἶδε
801 1669 963 1756 περιχαρῆ
990 1666 1075 1747 τοὺς
1094 1670 1152 1735 έπι

144 1773 274 1850 νικίονς
296 1771 505 1859 έπικείμενον
528 1773 732 1861 στεφάνους,
757 1768 808 1854 οἷς
832 1770 938 1843 αύτδν
962 1773 981 1842 ό
1005 1773 1153 1860 βασιλεὺς

104 1899 131 1941 ιε
145 1873 303 1962 ἀνέδησε,
330 1877 386 1945 καλ
413 1878 493 1959 τοὺς
520 1879 674 1969 ἑταίρους
701 1878 806 1950 αὐτοῦ
837 1881 1004 1968 φέροντας
1029 1879 1071 1950 τά
1092 1883 1153 1949 τόν

143 1984 407 2070 πεφονευμένων
431 1987 551 2072 σκῦλα,
580 1988 617 2056 έν
642 1981 693 2068 οἷς
714 1979 758 2076 ῆν
781 1988 905 2067 πέπλος
926 1992 1090 2074 ποικίλος,
1118 1983 1153 2054 ὃν

145 2087 229 2177 αύτή
253 2089 335 2177 μετὰ
357 2094 417 2178 τῆς
434 2093 568 2181 μητρός
582 2093 777 2182 έξυφήνασα
797 2097 842 2187 τῷ
863 2097 1031 2182 μνηστῆρι
1050 2096 1153 2180 δῦρον

146 2201 194 2276 είς
224 2197 285 2265 τὸν
318 2199 481 2284 μέλλοντα
512 2198 623 2287 γάμον
651 2198 847 2270 ἀπεστάλκει
878 2200 1066 2290 (ποικίλους
1094 2197 1152 2286 γάρ

146 2308 226 2383 ἔθος
249 2303 340 2372 έστλν
364 2303 619 2394 ἀμφιέννυσθαι
641 2307 788 2388 πέπλους
809 2312 969 2375 Λατίνων
990 2321 1062 2387 τοῖς
1081 2320 1196 2400 μετ-46η

104 2431 132 2474 ιο
147 2414 238 2479 ιοῦσι
264 2409 323 2490 τάς
345 2408 507 2501 νύμφας),
525 2416 648 2481 τοῦτον
672 2411 714 2499 δή
733 2413 795 2482 τὸν
817 2415 946 2484 πέπλον
967 2414 1151 2500 θεασαμένη

145 2517 362 2604 πεφυρμένον
394 2520 509 2606 αἵματι
539 2517 601 2588 τόν
633 2545 668 2587 τε
699 2523 826 2608 χιτῶνα
855 2520 1076 2612 κατερρήξατο
1102 2519 1152 2586 καὶ

145 2637 217 2702 ταῖς
245 2624 360 2711 χερσὶν
388 2621 593 2712 ἀμφοτέραις
619 2630 767 2696 παίουσα
793 2625 831 2697 τὸ
866 2631 993 2715 στῆθος
1025 2624 1153 2714 ἐθρήνει

145 2729 202 2796 καί
224 2727 416 2798 ἀνεκαλεῖτο
439 2729 500 2800 τὸν
523 2729 678 2820 ἀνεψιόν,
701 2731 786 2802 ὥστε
808 2730 937 2821 πολλήν
960 2732 1151 2818 κατάπληξιν

147 2838 315 2903 εἰσελθεῖν
343 2834 492 2919 ἅπαντας
515 2837 591 2907 ὅσοι
613 2837 696 2908 κατὰ
723 2838 784 2909 τὸν
810 2837 914 2910 αὐτὸν
936 2831 1026 2928 ήσαν
1048 2838 1150 2910 τόπον.

106 2911 427 3041 Ξάνακλαυσαμένη
453 2944 490 3013 δὲ
512 2943 573 3016 τὸν
596 2946 705 3037 μόρον
734 2950 797 3016 τοῦ
820 2951 1011 3037 μνηστῆρος
1032 2944 1150 3016 ἀτενέσι

147 3060 218 3127 τοῖς
237 3046 429 3137 ὀφθαλμοῖς
448 3055 496 3132 είς
508 3050 568 3122 τὸν
584 3051 734 3141 ἀδελφὸν
750 3051 814 3144 ὁρᾷ
831 3054 887 3121 καὶ
901 3056 1005 3140 λέγει·
1024 3049 1148 3140 Μιαροῦ-

146 3180 223 3224 τατε
245 3153 418 3246 ἄνθρωπε,
436 3163 564 3248 χαίρεις
587 3158 785 3241 ἀποκτείνας
802 3158 881 3241 τοῦς
900 3159 1060 3245 ἀνεψιούς
1075 3154 1148 3244 κάμὲ

220 3344 356 3420 1τιροότη
379 3350 482 3405 Reiske
509 3353 667 3422 πρῶτονΟ
751 3355 845 3410 3τῦν
867 3357 890 3411 Β
914 3373 969 3412 om.
992 3356 1019 3410 R
1087 3347 1146 3410 θέν

151 3411 205 3470 ῦσω
223 3420 249 3471 Α
321 3420 406 3475 ’λκαλ
424 3417 588 3490 κρύπτουσα
608 3424 630 3478 O
650 3420 888 3497 κατακρύπτοντα
907 3445 931 3484 ο.
947 3427 1145 3495 διεκπίπτει)

150 3491 166 3537 8
187 3485 453 3561 δὲδε1.ΚίεεεΙὶος
525 3498 558 3547 15
579 3489 754 3567 ἓτ<αί>ρους
772 3497 794 3550 Β
871 3503 905 3553 25
924 3493 1145 3569 μνήστ<ο>ροςΒ
