<?xml version="1.0" encoding="UTF-8"?>
<!DOCTYPE html PUBLIC "-//W3C//DTD XHTML 1.0 Transitional//EN"
    "http://www.w3.org/TR/xhtml1/DTD/xhtml1-transitional.dtd">
<html xmlns="http://www.w3.org/1999/xhtml" xml:lang="en" lang="en">
 <head>
  <title>
</title>
<meta http-equiv="Content-Type" content="text/html;charset=utf-8" />
  <meta name='ocr-system' content='tesseract 3.04.00' />
  <meta name='ocr-capabilities' content='ocr_page ocr_carea ocr_par ocr_line ocrx_word'/>
</head>
<body>
  <div class='ocr_page' id='page_1' title='image "./antiquitatumrom00jacogoog_0212.png"; bbox 0 0 2408 3928; ppageno 0'>
   <div class='ocr_carea' id='block_1_1' title="bbox 157 237 746 303">
    <p class='ocr_par' dir='ltr' id='par_1_1' title="bbox 157 237 746 303">
     <span class='ocr_line' id='line_1_1' title="bbox 157 237 746 303; baseline 0.003 -2"><span class='ocrx_word' id='word_1_1' title='bbox 157 237 220 303; x_wconf 82' lang='lat'><strong><em>198</em></strong></span> <span class='ocrx_word' id='word_1_2' title='bbox 580 238 746 293; x_wconf 82' lang='lat' dir='ltr'><strong><em>-B-</em></strong></span> 
     </span>
    </p>
   </div>
   <div class='ocr_carea' id='block_1_2' title="bbox 116 391 1189 3261">
    <p class='ocr_par' dir='ltr' id='par_1_2' title="bbox 116 391 1189 3261">
     <span class='ocr_line' id='line_1_2' title="bbox 157 391 1152 485; baseline -0.005 -19"><span class='ocrx_word' id='word_1_3' title='bbox 157 397 194 468; x_wconf 75' lang='grc' dir='ltr'><strong><em>δὲ</em></strong></span> <span class='ocrx_word' id='word_1_4' title='bbox 218 399 354 477; x_wconf 79' lang='grc' dir='ltr'><strong><em>Γέλλιος</em></strong></span> <span class='ocrx_word' id='word_1_5' title='bbox 383 394 468 466; x_wconf 86' lang='grc' dir='ltr'><strong><em>κατά</em></strong></span> <span class='ocrx_word' id='word_1_6' title='bbox 495 395 557 466; x_wconf 87' lang='grc' dir='ltr'><strong><em>τὸν</em></strong></span> <span class='ocrx_word' id='word_1_7' title='bbox 584 398 758 485; x_wconf 83' lang='grc' dir='ltr'><strong><em>τέταρτον·</em></strong></span> <span class='ocrx_word' id='word_1_8' title='bbox 791 391 890 466; x_wconf 81' lang='grc' dir='ltr'><strong><em>ὃκαὶ</em></strong></span> <span class='ocrx_word' id='word_1_9' title='bbox 918 398 1048 484; x_wconf 79' lang='grc' dir='ltr'><strong><em>μᾶλλον</em></strong></span> <span class='ocrx_word' id='word_1_10' title='bbox 1072 393 1152 474; x_wconf 82' lang='grc' dir='ltr'><strong><em>εἰκός.</em></strong></span> 
     </span>
     <span class='ocr_line' id='line_1_3' title="bbox 156 496 1152 593; baseline -0.003 -21"><span class='ocrx_word' id='word_1_11' title='bbox 156 506 237 576; x_wconf 94' lang='grc' dir='ltr'><strong><em>νέον</em></strong></span> <span class='ocrx_word' id='word_1_12' title='bbox 260 502 326 593; x_wconf 85' lang='grc' dir='ltr'><strong><em>γάρ</em></strong></span> <span class='ocrx_word' id='word_1_13' title='bbox 354 504 561 591; x_wconf 76' lang='grc' dir='ltr'><strong><em>οἰκιζομένης</em></strong></span> <span class='ocrx_word' id='word_1_14' title='bbox 587 503 717 584; x_wconf 90' lang='grc' dir='ltr'><strong><em>πόλεως</em></strong></span> <span class='ocrx_word' id='word_1_15' title='bbox 743 499 895 590; x_wconf 78' lang='grc' dir='ltr'><strong><em>ἡγεμόνα</em></strong></span> <span class='ocrx_word' id='word_1_16' title='bbox 922 502 1004 591; x_wconf 78' lang='grc' dir='ltr'><strong><em>πρὶν</em></strong></span> <span class='ocrx_word' id='word_1_17' title='bbox 1031 496 1152 588; x_wconf 85' lang='grc' dir='ltr'><strong><em>ἡκατα-</em></strong></span> 
     </span>
     <span class='ocr_line' id='line_1_4' title="bbox 158 607 1153 703; baseline -0.004 -24"><span class='ocrx_word' id='word_1_18' title='bbox 158 611 347 699; x_wconf 78' lang='grc' dir='ltr'><strong><em>στήσασθαι</em></strong></span> <span class='ocrx_word' id='word_1_19' title='bbox 374 609 437 699; x_wconf 89' lang='grc' dir='ltr'><strong><em>τὴν</em></strong></span> <span class='ocrx_word' id='word_1_20' title='bbox 464 614 636 681; x_wconf 77' lang='grc' dir='ltr'><strong><em>πολιτείαν</em></strong></span> <span class='ocrx_word' id='word_1_21' title='bbox 666 615 753 703; x_wconf 78' lang='grc' dir='ltr'><strong><em>ἕργςο</em></strong></span> <span class='ocrx_word' id='word_1_22' title='bbox 779 607 964 700; x_wconf 73' lang='grc' dir='ltr'><strong><em>τηλικούτῳ</em></strong></span> <span class='ocrx_word' id='word_1_23' title='bbox 995 609 1153 696; x_wconf 72' lang='grc' dir='ltr'><strong><em>ἐπιχειρεῖν</em></strong></span> 
     </span>
     <span class='ocr_line' id='line_1_5' title="bbox 159 713 1154 804; baseline -0.005 -18"><span class='ocrx_word' id='word_1_24' title='bbox 159 715 219 786; x_wconf 85' lang='grc' dir='ltr'><strong><em>οὑκ</em></strong></span> <span class='ocrx_word' id='word_1_25' title='bbox 244 722 310 804; x_wconf 81' lang='grc' dir='ltr'><strong><em>ἔχει</em></strong></span> <span class='ocrx_word' id='word_1_26' title='bbox 332 716 447 804; x_wconf 90' lang='grc' dir='ltr'><strong><em>λόγον.</em></strong></span> <span class='ocrx_word' id='word_1_27' title='bbox 491 721 551 804; x_wconf 87' lang='grc' dir='ltr'><strong><em>τὴς</em></strong></span> <span class='ocrx_word' id='word_1_28' title='bbox 578 716 617 786; x_wconf 72' lang='grc' dir='ltr'><strong><em>δὲ</em></strong></span> <span class='ocrx_word' id='word_1_29' title='bbox 644 713 796 804; x_wconf 83' lang='grc' dir='ltr'><strong><em>ὑρταγὴς</em></strong></span> <span class='ocrx_word' id='word_1_30' title='bbox 822 713 885 802; x_wconf 89' lang='grc' dir='ltr'><strong><em>τὴν</em></strong></span> <span class='ocrx_word' id='word_1_31' title='bbox 912 720 1025 785; x_wconf 84' lang='grc' dir='ltr'><strong><em>αἰτίαν</em></strong></span> <span class='ocrx_word' id='word_1_32' title='bbox 1056 717 1088 783; x_wconf 92' lang='grc' dir='ltr'><strong><em>οί</em></strong></span> <span class='ocrx_word' id='word_1_33' title='bbox 1106 713 1154 801; x_wconf 71' lang='grc' dir='ltr'><strong><em>μὲν</em></strong></span> 
     </span>
     <span class='ocr_line' id='line_1_6' title="bbox 116 818 1154 912; baseline -0.005 -18"><span class='ocrx_word' id='word_1_34' title='bbox 116 853 129 894; x_wconf 87' lang='grc' dir='ltr'><strong><em>ι</em></strong></span> <span class='ocrx_word' id='word_1_35' title='bbox 158 829 205 904; x_wconf 85' lang='grc' dir='ltr'><strong><em>είς</em></strong></span> <span class='ocrx_word' id='word_1_36' title='bbox 228 824 353 894; x_wconf 78' lang='grc' dir='ltr'><strong><em>σπάνιν</em></strong></span> <span class='ocrx_word' id='word_1_37' title='bbox 376 826 549 910; x_wconf 76' lang='grc' dir='ltr'><strong><em>γυναικῶν</em></strong></span> <span class='ocrx_word' id='word_1_38' title='bbox 568 821 810 912; x_wconf 76' lang='grc' dir='ltr'><strong><em>ἀναφέρουσιν,</em></strong></span> <span class='ocrx_word' id='word_1_39' title='bbox 834 825 870 893; x_wconf 89' lang='grc' dir='ltr'><strong><em>οί</em></strong></span> <span class='ocrx_word' id='word_1_40' title='bbox 891 820 923 891; x_wconf 89' lang='grc' dir='ltr'><strong><em>δ’</em></strong></span> <span class='ocrx_word' id='word_1_41' title='bbox 944 826 993 903; x_wconf 85' lang='grc' dir='ltr'><strong><em>είς</em></strong></span> <span class='ocrx_word' id='word_1_42' title='bbox 1015 818 1154 910; x_wconf 82' lang='grc' dir='ltr'><strong><em>άφορμὴν</em></strong></span> 
     </span>
     <span class='ocr_line' id='line_1_7' title="bbox 157 923 1186 1020; baseline -0.004 -20"><span class='ocrx_word' id='word_1_43' title='bbox 157 933 320 1020; x_wconf 86' lang='grc' dir='ltr'><strong><em>πολέμου,</em></strong></span> <span class='ocrx_word' id='word_1_44' title='bbox 345 932 382 999; x_wconf 90' lang='grc' dir='ltr'><strong><em>οί</em></strong></span> <span class='ocrx_word' id='word_1_45' title='bbox 402 929 440 1000; x_wconf 70' lang='grc' dir='ltr'><strong><em>δὲ</em></strong></span> <span class='ocrx_word' id='word_1_46' title='bbox 462 928 502 1000; x_wconf 85' lang='grc' dir='ltr'><strong><em>τὰ</em></strong></span> <span class='ocrx_word' id='word_1_47' title='bbox 524 930 743 1000; x_wconf 74' lang='grc' dir='ltr'><strong><em>πιθανώτατα</em></strong></span> <span class='ocrx_word' id='word_1_48' title='bbox 772 929 977 1020; x_wconf 73' lang='grc' dir='ltr'><strong><em>γράφοντες,</em></strong></span> <span class='ocrx_word' id='word_1_49' title='bbox 1006 923 1057 1009; x_wconf 81' lang='grc' dir='ltr'><strong><em>οἷς</em></strong></span> <span class='ocrx_word' id='word_1_50' title='bbox 1077 925 1186 1014; x_wconf 81' lang='grc' dir='ltr'><strong><em>κάγιιειι</em></strong></span> 
     </span>
     <span class='ocr_line' id='line_1_8' title="bbox 159 1033 1155 1126; baseline -0.003 -20"><span class='ocrx_word' id='word_1_51' title='bbox 159 1039 424 1126; x_wconf 81' lang='grc' dir='ltr'><strong><em>συγκατεθέμην,</em></strong></span> <span class='ocrx_word' id='word_1_52' title='bbox 443 1041 491 1118; x_wconf 90' lang='grc' dir='ltr'><strong><em>είς</em></strong></span> <span class='ocrx_word' id='word_1_53' title='bbox 508 1035 546 1106; x_wconf 87' lang='grc' dir='ltr'><strong><em>τὸ</em></strong></span> <span class='ocrx_word' id='word_1_54' title='bbox 566 1035 716 1118; x_wconf 76' lang='grc' dir='ltr'><strong><em>συνάψαι</em></strong></span> <span class='ocrx_word' id='word_1_55' title='bbox 736 1035 901 1124; x_wconf 87' lang='grc' dir='ltr'><strong><em>φιλότητα</em></strong></span> <span class='ocrx_word' id='word_1_56' title='bbox 919 1033 1004 1125; x_wconf 82' lang='grc' dir='ltr'><strong><em>πρὸς</em></strong></span> <span class='ocrx_word' id='word_1_57' title='bbox 1022 1034 1080 1116; x_wconf 83' lang='grc' dir='ltr'><strong><em>τὰς</em></strong></span> <span class='ocrx_word' id='word_1_58' title='bbox 1092 1043 1155 1120; x_wconf 87' lang='grc' dir='ltr'><strong><em>πλη-</em></strong></span> 
     </span>
     <span class='ocr_line' id='line_1_9' title="bbox 123 1141 1156 1231; baseline -0.002 -19"><span class='ocrx_word' id='word_1_59' title='bbox 123 1146 144 1212; x_wconf 86' lang='grc'>2</span> <span class='ocrx_word' id='word_1_60' title='bbox 159 1143 346 1231; x_wconf 82' lang='grc' dir='ltr'><strong><em>σιοχεόρους</em></strong></span> <span class='ocrx_word' id='word_1_61' title='bbox 363 1144 477 1224; x_wconf 88' lang='grc' dir='ltr'><strong><em>πόλεις</em></strong></span> <span class='ocrx_word' id='word_1_62' title='bbox 495 1141 692 1230; x_wconf 78' lang='grc' dir='ltr'><strong><em>ἀναγκαίαν.</em></strong></span> <span class='ocrx_word' id='word_1_63' title='bbox 733 1142 795 1231; x_wconf 89' lang='grc' dir='ltr'><strong><em>τὴν</em></strong></span> <span class='ocrx_word' id='word_1_64' title='bbox 820 1143 858 1212; x_wconf 73' lang='grc' dir='ltr'><strong><em>δέ</em></strong></span> <span class='ocrx_word' id='word_1_65' title='bbox 878 1143 951 1213; x_wconf 88' lang='grc' dir='ltr'><strong><em>τότε</em></strong></span> <span class='ocrx_word' id='word_1_66' title='bbox 971 1141 1037 1213; x_wconf 86' lang='grc' dir='ltr'><strong><em>ὑπὸ</em></strong></span> <span class='ocrx_word' id='word_1_67' title='bbox 1051 1141 1156 1230; x_wconf 85' lang='grc' dir='ltr'><strong><em>Ῥωμό·</em></strong></span> 
     </span>
     <span class='ocr_line' id='line_1_10' title="bbox 159 1246 1156 1341; baseline -0.002 -23"><span class='ocrx_word' id='word_1_68' title='bbox 159 1257 223 1318; x_wconf 91' lang='grc' dir='ltr'><strong><em>λου</em></strong></span> <span class='ocrx_word' id='word_1_69' title='bbox 240 1259 513 1341; x_wconf 70' lang='grc' dir='ltr'><strong><em>καθιερωθεῖσαν</em></strong></span> <span class='ocrx_word' id='word_1_70' title='bbox 534 1248 655 1338; x_wconf 84' lang='grc' dir='ltr'><strong><em>ἕορτὴν</em></strong></span> <span class='ocrx_word' id='word_1_71' title='bbox 675 1255 722 1320; x_wconf 76' lang='grc' dir='ltr'><strong><em>ἔτι</em></strong></span> <span class='ocrx_word' id='word_1_72' title='bbox 740 1251 797 1318; x_wconf 79' lang='grc' dir='ltr'><strong><em>καὶ</em></strong></span> <span class='ocrx_word' id='word_1_73' title='bbox 811 1253 859 1330; x_wconf 88' lang='grc' dir='ltr'><strong><em>είς</em></strong></span> <span class='ocrx_word' id='word_1_74' title='bbox 877 1248 934 1337; x_wconf 70' lang='grc' dir='ltr'><strong><em>ἐμὲ</em></strong></span> <span class='ocrx_word' id='word_1_75' title='bbox 949 1246 1156 1336; x_wconf 84' lang='grc' dir='ltr'><strong><em>άγοντεςῬω-</em></strong></span> 
     </span>
     <span class='ocr_line' id='line_1_11' title="bbox 120 1348 1158 1446; baseline -0.001 -21"><span class='ocrx_word' id='word_1_76' title='bbox 120 1375 146 1416; x_wconf 84' lang='lat'><strong><em>10</em></strong></span> <span class='ocrx_word' id='word_1_77' title='bbox 160 1371 253 1445; x_wconf 85' lang='grc' dir='ltr'><strong><em>μαῖοι</em></strong></span> <span class='ocrx_word' id='word_1_78' title='bbox 278 1358 451 1428; x_wconf 77' lang='grc' dir='ltr'><strong><em>διετέλουν</em></strong></span> <span class='ocrx_word' id='word_1_79' title='bbox 475 1357 703 1427; x_wconf 78' lang='grc' dir='ltr'><strong><em>Κωνσουάλια</em></strong></span> <span class='ocrx_word' id='word_1_80' title='bbox 725 1360 924 1442; x_wconf 71' lang='grc' dir='ltr'><strong><em>καλοῦντες,</em></strong></span> <span class='ocrx_word' id='word_1_81' title='bbox 947 1357 985 1425; x_wconf 85' lang='grc' dir='ltr'><strong><em>έν</em></strong></span> <span class='ocrx_word' id='word_1_82' title='bbox 1014 1348 1036 1446; x_wconf 90' lang='grc' dir='ltr'><strong><em>ἡ</em></strong></span> <span class='ocrx_word' id='word_1_83' title='bbox 1062 1355 1158 1443; x_wconf 83' lang='grc' dir='ltr'><strong><em>βωμός</em></strong></span> 
     </span>
     <span class='ocr_line' id='line_1_12' title="bbox 159 1461 1157 1554; baseline -0.003 -22"><span class='ocrx_word' id='word_1_84' title='bbox 159 1489 195 1532; x_wconf 88' lang='grc' dir='ltr'><strong><em>τε</em></strong></span> <span class='ocrx_word' id='word_1_85' title='bbox 222 1461 379 1551; x_wconf 76' lang='grc' dir='ltr'><strong><em>ὑπόγειος</em></strong></span> <span class='ocrx_word' id='word_1_86' title='bbox 407 1465 589 1551; x_wconf 80' lang='grc' dir='ltr'><strong><em>ἱδρυμένος</em></strong></span> <span class='ocrx_word' id='word_1_87' title='bbox 615 1461 705 1550; x_wconf 78' lang='grc' dir='ltr'><strong><em>παρὰ</em></strong></span> <span class='ocrx_word' id='word_1_88' title='bbox 733 1467 779 1554; x_wconf 76' lang='grc' dir='ltr'><strong><em>τῷ</em></strong></span> <span class='ocrx_word' id='word_1_89' title='bbox 809 1468 952 1554; x_wconf 74' lang='grc' dir='ltr'><strong><em>μεγίστῳ</em></strong></span> <span class='ocrx_word' id='word_1_90' title='bbox 980 1467 1050 1532; x_wconf 71' lang='grc' dir='ltr'><strong><em>τῶν</em></strong></span> <span class='ocrx_word' id='word_1_91' title='bbox 1080 1465 1157 1530; x_wconf 82' lang='grc' dir='ltr'><strong><em>ίπκο</em></strong></span> 
     </span>
     <span class='ocr_line' id='line_1_13' title="bbox 161 1566 1158 1658; baseline 0 -21"><span class='ocrx_word' id='word_1_92' title='bbox 161 1569 299 1658; x_wconf 77' lang='grc' dir='ltr'><strong><em>δρόμων</em></strong></span> <span class='ocrx_word' id='word_1_93' title='bbox 321 1575 582 1658; x_wconf 81' lang='grc' dir='ltr'><strong><em>περισκαφείσης</em></strong></span> <span class='ocrx_word' id='word_1_94' title='bbox 609 1573 668 1656; x_wconf 86' lang='grc' dir='ltr'><strong><em>τὴς</em></strong></span> <span class='ocrx_word' id='word_1_95' title='bbox 690 1573 753 1657; x_wconf 86' lang='grc' dir='ltr'><strong><em>γὴς</em></strong></span> <span class='ocrx_word' id='word_1_96' title='bbox 779 1576 919 1650; x_wconf 84' lang='grc' dir='ltr'><strong><em>θυσίαις</em></strong></span> <span class='ocrx_word' id='word_1_97' title='bbox 941 1596 976 1639; x_wconf 87' lang='grc' dir='ltr'><strong><em>τε</em></strong></span> <span class='ocrx_word' id='word_1_98' title='bbox 998 1571 1055 1638; x_wconf 78' lang='grc' dir='ltr'><strong><em>καὶ</em></strong></span> <span class='ocrx_word' id='word_1_99' title='bbox 1077 1566 1158 1655; x_wconf 83' lang='grc' dir='ltr'><strong><em>ὑπερ-</em></strong></span> 
     </span>
     <span class='ocr_line' id='line_1_14' title="bbox 160 1675 1159 1766; baseline -0.002 -22"><span class='ocrx_word' id='word_1_100' title='bbox 160 1676 281 1763; x_wconf 82' lang='grc' dir='ltr'><strong><em>πύροις</em></strong></span> <span class='ocrx_word' id='word_1_101' title='bbox 326 1675 489 1764; x_wconf 79' lang='grc' dir='ltr'><strong><em>ἀπαρχαῖς</em></strong></span> <span class='ocrx_word' id='word_1_102' title='bbox 533 1681 743 1766; x_wconf 90' lang='grc' dir='ltr'><strong><em>γεραίρεται,</em></strong></span> <span class='ocrx_word' id='word_1_103' title='bbox 789 1678 846 1745; x_wconf 81' lang='grc' dir='ltr'><strong><em>καὶ</em></strong></span> <span class='ocrx_word' id='word_1_104' title='bbox 892 1675 1021 1766; x_wconf 88' lang='grc' dir='ltr'><strong><em>δρόμος</em></strong></span> <span class='ocrx_word' id='word_1_105' title='bbox 1065 1679 1159 1744; x_wconf 76' lang='grc' dir='ltr'><strong><em>ἵππον</em></strong></span> 
     </span>
     <span class='ocr_line' id='line_1_15' title="bbox 162 1780 1158 1865; baseline -0.003 -14"><span class='ocrx_word' id='word_1_106' title='bbox 162 1787 305 1865; x_wconf 73' lang='grc' dir='ltr'><strong><em>ζευκτῶν</em></strong></span> <span class='ocrx_word' id='word_1_107' title='bbox 332 1807 366 1851; x_wconf 91' lang='grc' dir='ltr'><strong><em>τε</em></strong></span> <span class='ocrx_word' id='word_1_108' title='bbox 393 1784 449 1852; x_wconf 83' lang='grc' dir='ltr'><strong><em>καὶ</em></strong></span> <span class='ocrx_word' id='word_1_109' title='bbox 479 1781 646 1864; x_wconf 75' lang='grc' dir='ltr'><strong><em>άζεύιιτων</em></strong></span> <span class='ocrx_word' id='word_1_110' title='bbox 675 1785 878 1853; x_wconf 81' lang='grc' dir='ltr'><strong><em>ἐπιτελεῖται.</em></strong></span> <span class='ocrx_word' id='word_1_111' title='bbox 924 1793 1073 1853; x_wconf 86' lang='grc' dir='ltr'><strong><em>καλεῖται</em></strong></span> <span class='ocrx_word' id='word_1_112' title='bbox 1094 1780 1158 1850; x_wconf 77' lang='grc' dir='ltr'><strong><em>δὲὸ</em></strong></span> 
     </span>
     <span class='ocr_line' id='line_1_16' title="bbox 122 1880 1160 1981; baseline -0.003 -24"><span class='ocrx_word' id='word_1_113' title='bbox 122 1905 148 1948; x_wconf 73' lang='lat'><strong><em>1⁶</em></strong></span> <span class='ocrx_word' id='word_1_114' title='bbox 161 1889 258 1976; x_wconf 90' lang='grc' dir='ltr'><strong><em>θεός,</em></strong></span> <span class='ocrx_word' id='word_1_115' title='bbox 281 1880 308 1981; x_wconf 73' lang='grc' dir='ltr'><em>ᾧ</em></span> <span class='ocrx_word' id='word_1_116' title='bbox 331 1887 423 1958; x_wconf 78' lang='grc' dir='ltr'><strong><em>ταῦτ’</em></strong></span> <span class='ocrx_word' id='word_1_117' title='bbox 450 1891 649 1976; x_wconf 81' lang='grc' dir='ltr'><strong><em>ἐπιτελοῦσι,</em></strong></span> <span class='ocrx_word' id='word_1_118' title='bbox 672 1894 817 1972; x_wconf 77' lang='grc' dir='ltr'><strong><em>Κῶνσος</em></strong></span> <span class='ocrx_word' id='word_1_119' title='bbox 839 1888 904 1960; x_wconf 86' lang='grc' dir='ltr'><strong><em>ὑπὸ</em></strong></span> <span class='ocrx_word' id='word_1_120' title='bbox 924 1888 1109 1978; x_wconf 89' lang='grc' dir='ltr'><strong><em>Ῥωμαίων,</em></strong></span> <span class='ocrx_word' id='word_1_121' title='bbox 1130 1885 1160 1956; x_wconf 82' lang='grc' dir='ltr'><strong><em>όν</em></strong></span> 
     </span>
     <span class='ocr_line' id='line_1_17' title="bbox 162 1994 1161 2085; baseline -0.002 -21"><span class='ocrx_word' id='word_1_122' title='bbox 162 1995 438 2085; x_wconf 80' lang='grc' dir='ltr'><strong><em>ἐξερμηνεύοντες</em></strong></span> <span class='ocrx_word' id='word_1_123' title='bbox 461 2001 510 2076; x_wconf 90' lang='grc' dir='ltr'><strong><em>είς</em></strong></span> <span class='ocrx_word' id='word_1_124' title='bbox 531 1994 595 2083; x_wconf 91' lang='grc' dir='ltr'><strong><em>τὴν</em></strong></span> <span class='ocrx_word' id='word_1_125' title='bbox 618 1994 784 2085; x_wconf 83' lang='grc' dir='ltr'><strong><em>ἡμετέραν</em></strong></span> <span class='ocrx_word' id='word_1_126' title='bbox 805 2002 957 2084; x_wconf 77' lang='grc' dir='ltr'><strong><em>γλῶτταν</em></strong></span> <span class='ocrx_word' id='word_1_127' title='bbox 977 2001 1161 2067; x_wconf 78' lang='grc' dir='ltr'><strong><em>Ποσειδῶνα</em></strong></span> 
     </span>
     <span class='ocr_line' id='line_1_18' title="bbox 161 2101 1189 2191; baseline -0.004 -19"><span class='ocrx_word' id='word_1_128' title='bbox 161 2102 361 2191; x_wconf 87' lang='grc' dir='ltr'><strong><em>σεισίχθονά</em></strong></span> <span class='ocrx_word' id='word_1_129' title='bbox 385 2121 491 2190; x_wconf 86' lang='grc' dir='ltr'><strong><em>φασιν</em></strong></span> <span class='ocrx_word' id='word_1_130' title='bbox 515 2101 607 2174; x_wconf 79' lang='grc' dir='ltr'><strong><em>εἶναί</em></strong></span> <span class='ocrx_word' id='word_1_131' title='bbox 626 2131 716 2184; x_wconf 87' lang='grc' dir='ltr'><strong><em>τινες</em></strong></span> <span class='ocrx_word' id='word_1_132' title='bbox 742 2106 798 2174; x_wconf 84' lang='grc' dir='ltr'><strong><em>καὶ</em></strong></span> <span class='ocrx_word' id='word_1_133' title='bbox 828 2103 885 2172; x_wconf 87' lang='grc' dir='ltr'><strong><em>διά</em></strong></span> <span class='ocrx_word' id='word_1_134' title='bbox 907 2108 1008 2174; x_wconf 83' lang='grc' dir='ltr'><strong><em>τοῦτο</em></strong></span> <span class='ocrx_word' id='word_1_135' title='bbox 1032 2102 1161 2191; x_wconf 78' lang='grc' dir='ltr'><strong><em>ὑπογείῳ</em></strong></span> <span class='ocrx_word' id='word_1_136' title='bbox 1188 2113 1189 2128; x_wconf 59' lang='lat'>³</span> 
     </span>
     <span class='ocr_line' id='line_1_19' title="bbox 161 2201 1162 2302; baseline -0.004 -22"><span class='ocrx_word' id='word_1_137' title='bbox 161 2214 360 2298; x_wconf 79' lang='grc' dir='ltr'><strong><em>τετιμῆσθαι</em></strong></span> <span class='ocrx_word' id='word_1_138' title='bbox 381 2213 484 2302; x_wconf 75' lang='grc' dir='ltr'><strong><em>βωμῷ</em></strong></span> <span class='ocrx_word' id='word_1_139' title='bbox 507 2211 680 2298; x_wconf 83' lang='grc' dir='ltr'><strong><em>λέγουσιν,</em></strong></span> <span class='ocrx_word' id='word_1_140' title='bbox 704 2209 755 2280; x_wconf 84' lang='grc' dir='ltr'><strong><em>ότι</em></strong></span> <span class='ocrx_word' id='word_1_141' title='bbox 774 2209 836 2299; x_wconf 90' lang='grc' dir='ltr'><strong><em>τὴν</em></strong></span> <span class='ocrx_word' id='word_1_142' title='bbox 855 2215 922 2298; x_wconf 87' lang='grc' dir='ltr'><strong><em>γὴν</em></strong></span> <span class='ocrx_word' id='word_1_143' title='bbox 943 2208 961 2279; x_wconf 88' lang='grc' dir='ltr'>ὁ</span> <span class='ocrx_word' id='word_1_144' title='bbox 981 2208 1064 2291; x_wconf 87' lang='grc' dir='ltr'><strong><em>θεὸς</em></strong></span> <span class='ocrx_word' id='word_1_145' title='bbox 1081 2201 1162 2285; x_wconf 77' lang='grc' dir='ltr'><strong><em>οὗτος</em></strong></span> 
     </span>
     <span class='ocr_line' id='line_1_20' title="bbox 127 2313 1162 2405; baseline -0.003 -19"><span class='ocrx_word' id='word_1_146' title='bbox 127 2321 237 2404; x_wconf 74' lang='grc' dir='ltr'><strong><em>δέχει.</em></strong></span> <span class='ocrx_word' id='word_1_147' title='bbox 283 2313 347 2403; x_wconf 75' lang='grc' dir='ltr'><strong><em>έγοὺ</em></strong></span> <span class='ocrx_word' id='word_1_148' title='bbox 372 2315 409 2384; x_wconf 75' lang='grc' dir='ltr'><strong><em>δέ</em></strong></span> <span class='ocrx_word' id='word_1_149' title='bbox 423 2317 485 2392; x_wconf 63' lang='grc' dir='ltr'><strong><em>,καλ</em></strong></span> <span class='ocrx_word' id='word_1_150' title='bbox 511 2319 626 2405; x_wconf 78' lang='grc' dir='ltr'><strong><em>ἕτερον</em></strong></span> <span class='ocrx_word' id='word_1_151' title='bbox 651 2315 728 2386; x_wconf 84' lang='grc' dir='ltr'><strong><em>οίδα</em></strong></span> <span class='ocrx_word' id='word_1_152' title='bbox 751 2316 856 2405; x_wconf 92' lang='grc' dir='ltr'><strong><em>λόγον</em></strong></span> <span class='ocrx_word' id='word_1_153' title='bbox 879 2316 1032 2404; x_wconf 86' lang='grc' dir='ltr'><strong><em>άκοάων,</em></strong></span> <span class='ocrx_word' id='word_1_154' title='bbox 1055 2314 1097 2396; x_wconf 79' lang='grc' dir='ltr'><strong><em>ὡς</em></strong></span> <span class='ocrx_word' id='word_1_155' title='bbox 1117 2318 1162 2400; x_wconf 85' lang='grc' dir='ltr'><strong><em>τὴς</em></strong></span> 
     </span>
     <span class='ocr_line' id='line_1_21' title="bbox 123 2421 1188 2515; baseline -0.002 -24"><span class='ocrx_word' id='word_1_156' title='bbox 123 2450 149 2490; x_wconf 83' lang='grc' dir='ltr'><strong><em>ιο</em></strong></span> <span class='ocrx_word' id='word_1_157' title='bbox 163 2423 225 2511; x_wconf 74' lang='grc' dir='ltr'><strong><em>μὲν</em></strong></span> <span class='ocrx_word' id='word_1_158' title='bbox 249 2424 365 2511; x_wconf 79' lang='grc' dir='ltr'><strong><em>ἑορτῆς</em></strong></span> <span class='ocrx_word' id='word_1_159' title='bbox 391 2427 437 2515; x_wconf 77' lang='grc' dir='ltr'><strong><em>τῷ</em></strong></span> <span class='ocrx_word' id='word_1_160' title='bbox 453 2427 655 2492; x_wconf 77' lang='grc' dir='ltr'><strong><em>Ποσειδῶνι</em></strong></span> <span class='ocrx_word' id='word_1_161' title='bbox 683 2422 851 2512; x_wconf 79' lang='grc' dir='ltr'><strong><em>ἀγομένης</em></strong></span> <span class='ocrx_word' id='word_1_162' title='bbox 878 2426 1019 2494; x_wconf 79' lang='grc' dir='ltr'><strong><em>καὶτοῦ</em></strong></span> <span class='ocrx_word' id='word_1_163' title='bbox 1042 2421 1188 2511; x_wconf 70' lang='grc' dir='ltr'><strong><em>δρόμονῖῖ</em></strong></span> 
     </span>
     <span class='ocr_line' id='line_1_22' title="bbox 162 2529 1162 2624; baseline -0.005 -24"><span class='ocrx_word' id='word_1_164' title='bbox 162 2535 231 2600; x_wconf 78' lang='grc' dir='ltr'><strong><em>τῶν</em></strong></span> <span class='ocrx_word' id='word_1_165' title='bbox 259 2534 370 2598; x_wconf 86' lang='grc' dir='ltr'><strong><em>ίππων</em></strong></span> <span class='ocrx_word' id='word_1_166' title='bbox 398 2529 505 2622; x_wconf 77' lang='grc' dir='ltr'><strong><em>τούτῳ</em></strong></span> <span class='ocrx_word' id='word_1_167' title='bbox 532 2535 577 2624; x_wconf 74' lang='grc' dir='ltr'><strong><em>τῷ</em></strong></span> <span class='ocrx_word' id='word_1_168' title='bbox 602 2534 672 2623; x_wconf 76' lang='grc' dir='ltr'><strong><em>θεῷ</em></strong></span> <span class='ocrx_word' id='word_1_169' title='bbox 701 2533 903 2619; x_wconf 87' lang='grc' dir='ltr'><strong><em>γινομένου,</em></strong></span> <span class='ocrx_word' id='word_1_170' title='bbox 930 2535 992 2601; x_wconf 84' lang='grc' dir='ltr'><strong><em>τοῦ</em></strong></span> <span class='ocrx_word' id='word_1_171' title='bbox 1021 2530 1059 2599; x_wconf 72' lang='grc' dir='ltr'><strong><em>δὲ</em></strong></span> <span class='ocrx_word' id='word_1_172' title='bbox 1080 2554 1162 2598; x_wconf 86' lang='grc' dir='ltr'><strong><em>κατι-</em></strong></span> 
     </span>
     <span class='ocr_line' id='line_1_23' title="bbox 163 2635 1162 2730; baseline -0.004 -25"><span class='ocrx_word' id='word_1_173' title='bbox 163 2641 258 2724; x_wconf 90' lang='grc' dir='ltr'><strong><em>γείου</em></strong></span> <span class='ocrx_word' id='word_1_174' title='bbox 280 2640 397 2725; x_wconf 83' lang='grc' dir='ltr'><strong><em>βωμοῦ</em></strong></span> <span class='ocrx_word' id='word_1_175' title='bbox 422 2640 558 2725; x_wconf 90' lang='grc' dir='ltr'><strong><em>δαίμονι</em></strong></span> <span class='ocrx_word' id='word_1_176' title='bbox 582 2637 715 2730; x_wconf 77' lang='grc' dir='ltr'><strong><em>άρρὴτῳ</em></strong></span> <span class='ocrx_word' id='word_1_177' title='bbox 743 2639 811 2709; x_wconf 78' lang='grc' dir='ltr'><strong><em>τινὶ</em></strong></span> <span class='ocrx_word' id='word_1_178' title='bbox 834 2635 1077 2726; x_wconf 82' lang='grc' dir='ltr'><strong><em>βουλευμάτων</em></strong></span> <span class='ocrx_word' id='word_1_179' title='bbox 1098 2662 1162 2724; x_wconf 81' lang='grc' dir='ltr'><strong><em>κρυ</em></strong></span> 
     </span>
     <span class='ocr_line' id='line_1_24' title="bbox 165 2739 1162 2832; baseline -0.003 -20"><span class='ocrx_word' id='word_1_180' title='bbox 165 2749 254 2832; x_wconf 84' lang='grc' dir='ltr'><strong><em>φίων</em></strong></span> <span class='ocrx_word' id='word_1_181' title='bbox 278 2739 419 2830; x_wconf 80' lang='grc' dir='ltr'><strong><em>ἡγεμόνι</em></strong></span> <span class='ocrx_word' id='word_1_182' title='bbox 443 2744 498 2812; x_wconf 89' lang='grc' dir='ltr'><strong><em>καὶ</em></strong></span> <span class='ocrx_word' id='word_1_183' title='bbox 522 2743 648 2831; x_wconf 78' lang='grc' dir='ltr'><strong><em>φύλακι</em></strong></span> <span class='ocrx_word' id='word_1_184' title='bbox 667 2747 1000 2824; x_wconf 86' lang='grc' dir='ltr'><strong><em>κατασκευασθέντος</em></strong></span> <span class='ocrx_word' id='word_1_185' title='bbox 1022 2741 1162 2832; x_wconf 78' lang='grc' dir='ltr'><strong><em>ὕστερον·</em></strong></span> 
     </span>
     <span class='ocr_line' id='line_1_25' title="bbox 164 2844 1160 2940; baseline 0.002 -22"><span class='ocrx_word' id='word_1_186' title='bbox 164 2851 359 2919; x_wconf 75' lang='grc' dir='ltr'><strong><em>Ποσειδῶνι</em></strong></span> <span class='ocrx_word' id='word_1_187' title='bbox 381 2846 446 2937; x_wconf 84' lang='grc' dir='ltr'><strong><em>γάρ</em></strong></span> <span class='ocrx_word' id='word_1_188' title='bbox 469 2847 585 2939; x_wconf 83' lang='grc' dir='ltr'><strong><em>άφανὴ</em></strong></span> <span class='ocrx_word' id='word_1_189' title='bbox 606 2850 725 2939; x_wconf 79' lang='grc' dir='ltr'><strong><em>βωμὸν</em></strong></span> <span class='ocrx_word' id='word_1_190' title='bbox 744 2850 915 2940; x_wconf 78' lang='grc' dir='ltr'><strong><em>οὐδαμόθι</em></strong></span> <span class='ocrx_word' id='word_1_191' title='bbox 938 2854 1000 2939; x_wconf 86' lang='grc' dir='ltr'><strong><em>γὴς</em></strong></span> <span class='ocrx_word' id='word_1_192' title='bbox 1020 2849 1097 2920; x_wconf 74' lang='grc' dir='ltr'><strong><em>οὔθ’</em></strong></span> <span class='ocrx_word' id='word_1_193' title='bbox 1112 2844 1160 2935; x_wconf 84' lang='grc' dir='ltr'><strong><em>ὑφ’</em></strong></span> 
     </span>
     <span class='ocr_line' id='line_1_26' title="bbox 125 2950 1161 3048; baseline -0.001 -21"><span class='ocrx_word' id='word_1_194' title='bbox 125 2980 151 3022; x_wconf 78' lang='grc' dir='ltr'><strong><em>ει</em></strong></span> <span class='ocrx_word' id='word_1_195' title='bbox 159 2955 333 3045; x_wconf 80' lang='grc' dir='ltr'><strong><em>Ελλήνων</em></strong></span> <span class='ocrx_word' id='word_1_196' title='bbox 366 2955 446 3026; x_wconf 79' lang='grc' dir='ltr'><strong><em>ουδ’</em></strong></span> <span class='ocrx_word' id='word_1_197' title='bbox 476 2955 542 3028; x_wconf 86' lang='grc' dir='ltr'><strong><em>ὑπὸ</em></strong></span> <span class='ocrx_word' id='word_1_198' title='bbox 573 2958 757 3048; x_wconf 79' lang='grc' dir='ltr'><strong><em>βαρβάρων</em></strong></span> <span class='ocrx_word' id='word_1_199' title='bbox 789 2961 1038 3047; x_wconf 80' lang='grc' dir='ltr'><strong><em>καθιδρῦσθαι·</em></strong></span> <span class='ocrx_word' id='word_1_200' title='bbox 1073 2955 1108 3027; x_wconf 90' lang='grc' dir='ltr'><strong><em>τὸ</em></strong></span> <span class='ocrx_word' id='word_1_201' title='bbox 1136 2950 1161 3020; x_wconf 78' lang='grc' dir='ltr'><strong><em>δ’</em></strong></span> 
     </span>
     <span class='ocr_line' id='line_1_27' title="bbox 165 3063 801 3153; baseline 0 -19"><span class='ocrx_word' id='word_1_202' title='bbox 165 3063 333 3153; x_wconf 75' lang='grc' dir='ltr'><strong><em>άληθές”</em></strong></span> <span class='ocrx_word' id='word_1_203' title='bbox 313 3089 404 3146; x_wconf 89' lang='grc' dir='ltr'><strong><em>οπως</em></strong></span> <span class='ocrx_word' id='word_1_204' title='bbox 427 3070 491 3152; x_wconf 80' lang='grc' dir='ltr'><strong><em>ἔχει</em></strong></span> <span class='ocrx_word' id='word_1_205' title='bbox 515 3063 661 3153; x_wconf 84' lang='grc' dir='ltr'><strong><em>χαλεπὸν</em></strong></span> <span class='ocrx_word' id='word_1_206' title='bbox 685 3070 801 3134; x_wconf 78' lang='grc' dir='ltr'><strong><em>εἰπεῖν.</em></strong></span> 
     </span>
     <span class='ocr_line' id='line_1_28' title="bbox 254 3085 1187 3261; baseline -0.009 -20"><span class='ocrx_word' id='word_1_207' title='bbox 254 3173 390 3241; x_wconf 87' lang='lat' dir='ltr'>XXXII.</span> <span class='ocrx_word' id='word_1_208' title='bbox 418 3169 476 3251; x_wconf 76' lang='grc' dir='ltr'><strong><em>Ως</em></strong></span> <span class='ocrx_word' id='word_1_209' title='bbox 506 3172 542 3240; x_wconf 83' lang='grc' dir='ltr'><strong><em>δὲ</em></strong></span> <span class='ocrx_word' id='word_1_210' title='bbox 571 3171 735 3260; x_wconf 85' lang='grc' dir='ltr'><strong><em>διεβοὴθη</em></strong></span> <span class='ocrx_word' id='word_1_211' title='bbox 763 3169 804 3240; x_wconf 86' lang='grc' dir='ltr'><strong><em>τά</em></strong></span> <span class='ocrx_word' id='word_1_212' title='bbox 830 3169 969 3259; x_wconf 79' lang='grc' dir='ltr'><strong><em>περὶ</em></strong></span> <span class='ocrx_word' id='word_1_213' title='bbox 934 3199 997 3259; x_wconf 89' lang='grc' dir='ltr'><strong><em>την</em></strong></span> <span class='ocrx_word' id='word_1_214' title='bbox 1025 3165 1162 3261; x_wconf 84' lang='grc' dir='ltr'><strong><em>άρπαγὴν</em></strong></span> <span class='ocrx_word' id='word_1_215' title='bbox 1186 3085 1187 3219; x_wconf 97' lang='lat' dir='ltr'>X</span> 
     </span>
    </p>
   </div>
   <div class='ocr_carea' id='block_1_3' title="bbox 229 3309 1162 3399">
    <p class='ocr_par' dir='ltr' id='par_1_3' title="bbox 229 3309 1162 3399">
     <span class='ocr_line' id='line_1_29' title="bbox 229 3309 1162 3399; baseline -0.002 -29.984"><span class='ocrx_word' id='word_1_216' title='bbox 229 3311 337 3399; x_wconf 82' lang='grc' dir='ltr'><strong><em>4έχει</em></strong></span> <span class='ocrx_word' id='word_1_217' title='bbox 358 3312 496 3368; x_wconf 80' lang='lat' dir='ltr'><strong>Bucheler</strong></span> <span class='ocrx_word' id='word_1_218' title='bbox 524 3309 629 3381; x_wconf 83' lang='grc' dir='ltr'><strong><em>εῑχεΟ</em></strong></span> <span class='ocrx_word' id='word_1_219' title='bbox 707 3320 761 3369; x_wconf 85' lang='grc' dir='ltr'><strong><em>8τ</em></strong></span> <span class='ocrx_word' id='word_1_220' title='bbox 747 3314 785 3367; x_wconf 79' lang='grc' dir='ltr'><strong><em>τά</em></strong></span> <span class='ocrx_word' id='word_1_221' title='bbox 813 3310 975 3384; x_wconf 85' lang='grc' dir='ltr'><strong><em>ρωμάλωΑ</em></strong></span> <span class='ocrx_word' id='word_1_222' title='bbox 1053 3320 1162 3368; x_wconf 75' lang='grc' dir='ltr'><strong><em>1οιινι·</em></strong></span> 
     </span>
    </p>
   </div>
   <div class='ocr_carea' id='block_1_4' title="bbox 166 3333 1163 3597">
    <p class='ocr_par' dir='ltr' id='par_1_4' title="bbox 166 3333 1163 3597">
     <span class='ocr_line' id='line_1_30' title="bbox 166 3333 1161 3505; baseline 0.003 -68"><span class='ocrx_word' id='word_1_223' title='bbox 166 3380 338 3438; x_wconf 87' lang='grc' dir='ltr'><strong><em>σουάλιαιΒ</em></strong></span> <span class='ocrx_word' id='word_1_224' title='bbox 421 3387 453 3435; x_wconf 86' lang='grc'><strong><em>19</em></strong></span> <span class='ocrx_word' id='word_1_225' title='bbox 483 3333 567 3505; x_wconf 52' lang='grc' dir='ltr'><strong><em>ἔχειὴ</em></strong></span> <span class='ocrx_word' id='word_1_226' title='bbox 581 3387 651 3438; x_wconf 84' lang='grc' dir='ltr'><strong><em>σείει</em></strong></span> <span class='ocrx_word' id='word_1_227' title='bbox 640 3401 701 3440; x_wconf 76' lang='grc' dir='ltr'><strong><em>ιο</em></strong></span> <span class='ocrx_word' id='word_1_228' title='bbox 730 3336 858 3440; x_wconf 72' lang='lat' dir='ltr'><strong>Hertlein</strong></span> <span class='ocrx_word' id='word_1_229' title='bbox 885 3385 1001 3440; x_wconf 73' lang='lat' dir='ltr'>Hermes</span> <span class='ocrx_word' id='word_1_230' title='bbox 1023 3384 1049 3439; x_wconf 88' lang='lat' dir='ltr'>X</span> <span class='ocrx_word' id='word_1_231' title='bbox 1075 3401 1100 3454; x_wconf 86' lang='lat' dir='ltr'>p</span> <span class='ocrx_word' id='word_1_232' title='bbox 1120 3384 1161 3434; x_wconf 81' lang='grc'><strong><em>409</em></strong></span> 
     </span>
     <span class='ocr_line' id='line_1_31' title="bbox 166 3447 1163 3525; baseline 0.002 -19"><span class='ocrx_word' id='word_1_233' title='bbox 166 3458 239 3506; x_wconf 74' lang='grc' dir='ltr'><strong><em>2οτ</em></strong></span> <span class='ocrx_word' id='word_1_234' title='bbox 223 3453 274 3506; x_wconf 81' lang='grc' dir='ltr'><strong><em>τοὺ</em></strong></span> <span class='ocrx_word' id='word_1_235' title='bbox 298 3447 372 3523; x_wconf 90' lang='grc' dir='ltr'><strong><em>δρόμ</em></strong></span> <span class='ocrx_word' id='word_1_236' title='bbox 373 3471 407 3506; x_wconf 90' lang='grc' dir='ltr'><strong><em>ου</em></strong></span> <span class='ocrx_word' id='word_1_237' title='bbox 434 3451 484 3505; x_wconf 81' lang='grc' dir='ltr'><strong><em>καλ</em></strong></span> <span class='ocrx_word' id='word_1_238' title='bbox 505 3453 531 3506; x_wconf 87' lang='grc' dir='ltr'><strong>Α</strong></span> <span class='ocrx_word' id='word_1_239' title='bbox 641 3455 732 3509; x_wconf 77' lang='grc' dir='ltr'><strong><em>21τῶ</em></strong></span> <span class='ocrx_word' id='word_1_240' title='bbox 734 3475 751 3508; x_wconf 91' lang='grc' dir='ltr'><strong><em>ν</em></strong></span> <span class='ocrx_word' id='word_1_241' title='bbox 775 3453 941 3524; x_wconf 85' lang='grc' dir='ltr'><strong><em>ίπτιέωνΟ,</em></strong></span> <span class='ocrx_word' id='word_1_242' title='bbox 964 3473 1035 3512; x_wconf 87' lang='lat' dir='ltr'><strong>corr.</strong></span> <span class='ocrx_word' id='word_1_243' title='bbox 1059 3454 1163 3525; x_wconf 79' lang='lat' dir='ltr'>Sylburg</span> 
     </span>
     <span class='ocr_line' id='line_1_32' title="bbox 168 3473 1163 3597; baseline 0.006 -23"><span class='ocrx_word' id='word_1_244' title='bbox 168 3529 231 3590; x_wconf 83' lang='lat'><strong>198,</strong></span> <span class='ocrx_word' id='word_1_245' title='bbox 241 3527 322 3577; x_wconf 78' lang='grc'><strong><em>27-</em></strong></span> <span class='ocrx_word' id='word_1_246' title='bbox 317 3474 394 3590; x_wconf 57' lang='lat'>9201,</span> <span class='ocrx_word' id='word_1_247' title='bbox 409 3526 425 3576; x_wconf 82' lang='lat'><strong>8</strong></span> <span class='ocrx_word' id='word_1_248' title='bbox 449 3523 590 3576; x_wconf 66' lang='lat' dir='ltr'><strong><em>exstant</em></strong></span> <span class='ocrx_word' id='word_1_249' title='bbox 581 3541 611 3578; x_wconf 84' lang='lat' dir='ltr'><strong><em>ln</em></strong></span> <span class='ocrx_word' id='word_1_250' title='bbox 633 3525 746 3580; x_wconf 72' lang='lat' dir='ltr'>Nicolai</span> <span class='ocrx_word' id='word_1_251' title='bbox 773 3499 941 3582; x_wconf 63' lang='lat' dir='ltr'><strong>Damasceni&#39;</strong></span> <span class='ocrx_word' id='word_1_252' title='bbox 964 3525 1069 3597; x_wconf 73' lang='lat' dir='ltr'>eclogia</span> <span class='ocrx_word' id='word_1_253' title='bbox 1077 3473 1163 3580; x_wconf 60' lang='grc'><strong><em>7’11110-</em></strong></span> 
     </span>
    </p>
   </div>
   <div class='ocr_carea' id='block_1_5' title="bbox 0 0 1239 3928">
    <p class='ocr_par' dir='ltr' id='par_1_5' title="bbox 0 0 1239 3928">
     <span class='ocr_line' id='line_1_33' title="bbox 0 0 1239 3928; baseline 0 0"><span class='ocrx_word' id='word_1_254' title='bbox 0 0 1239 3928; x_wconf 95' lang='lat' dir='ltr'><strong><em> </em></strong></span> 
     </span>
    </p>
   </div>
  </div>
 </body>
</html>
