2408 3928
575 209 740 262 -B-

147 397 183 439 τε
220 367 320 448 ὄντας
355 366 435 449 τοὺς
470 369 625 457 πρέσβεις
660 364 858 455 καταλαβὼν
890 365 1042 454 ἀφείλετο
1074 362 1172 443 τοὺςοιο

110 475 393 564 3ἀπαγομίνους.
438 473 566 563 χρόνον
594 473 632 543 δὲ
660 473 702 543 ού
729 479 857 544 πὀλλού
881 472 1086 557 διελθόντος,
1107 469 1142 550 ός

148 587 211 671 μέν
233 609 323 664 τινες
345 602 467 670 φασιν,
490 580 560 669 ἀμα
577 580 736 674 Ῥωμύλῳ
759 581 1032 670 παραγενόμενος
1054 583 1096 658 είς
1113 576 1142 646 τὸ

148 695 338 760 Λαουίνιον
363 693 460 759 ἕνεκα
477 695 613 775 θυσίας,
635 685 679 777 ήν
703 692 772 757 ἔδει
792 702 863 768 τοῖς
880 687 1047 780 πατρῴοις
1066 696 1143 764 θεοῖς

109 826 122 866 ο
150 794 233 886 ὑπὲρ
256 801 316 885 τής
332 797 461 878 πόλεως
482 801 589 866 θῦσαι
612 795 691 877 τοὺς
713 802 873 885 βασιλεῖς,
895 795 1088 864 συστάντων
1104 791 1141 861 ἐπ’

149 901 254 974 αὐτὸν
281 908 350 972 τῶν
384 905 525 993 ἑταίρων
551 931 587 974 τε
614 905 670 974 καὶ
698 905 789 992 γένει
821 902 1062 992 προσηκόντων
1090 913 1145 978 τοῖς

148 1008 375 1100 ἀνῃρημένοις
397 1013 578 1099 πρέσβεσιν
602 1011 654 1080 ἐπὶ
681 1014 750 1078 τῶν
773 1013 899 1096 βωμῶν
921 1023 994 1088 ταῖς
1017 1033 1145 1096 μαγειρι-
1190 1051 1191 1054 =

148 1131 222 1196 καῖς
250 1122 390 1204 σφαγίσι
417 1118 474 1184 καὶ
500 1131 571 1197 τοῖς
602 1114 787 1204 βουπόροις
819 1114 952 1201 ὀβελοῖς
982 1114 1146 1202 παιόμενος

109 1219 367 1309 4ἀποθνήσκει.
413 1219 457 1304 ὡς
481 1221 512 1290 δ’
539 1226 575 1291 οί
599 1224 674 1312 περὶ
697 1229 878 1292 Λικίννιον
905 1222 1095 1310 γράφουσιν
1116 1217 1146 1286 ον’

109 1357 135 1397 ιο
149 1326 229 1415 μετὰ
263 1326 438 1417 Ῥωμύλου
478 1330 752 1418 παραγενόμενος
793 1327 874 1398 ούδδ
915 1328 1016 1417 χάριν
1052 1330 1147 1415 ἱεράν,

147 1431 233 1502 ἀλλά
256 1434 361 1523 μόνος
384 1433 429 1517 ὡς
451 1443 578 1506 πείσων
597 1435 676 1518 τούς
694 1435 920 1524 ἀδικηθέντας
937 1433 1075 1523 ἀφεῖναι
1090 1447 1148 1511 τοῖς

148 1541 328 1627 δεδρακόσι
354 1541 417 1630 τήν
449 1542 572 1632 ὀργήν,
599 1543 891 1632 ἀγανακτήσαντος
919 1547 982 1612 τού
1011 1541 1148 1630 πλήθους

149 1649 202 1715 ε’πί
224 1653 270 1741 τῷ
294 1647 339 1737 μή
358 1654 614 1739 παραδίδοσθαί
634 1670 731 1740 σφισι
754 1649 833 1731 τοὺς
855 1649 995 1737 ἀνδρας,
1020 1647 1065 1730 ὦς
1085 1647 1102 1717 ό
1121 1674 1147 1715 τε

143 1751 312 1841 Ῥωμύλος
335 1759 508 1827 ἐδικαίωσε
526 1760 582 1827 καί
601 1757 623 1846 ή
641 1761 710 1827 τῶν
724 1756 897 1846 Ῥωμαίων
916 1763 1027 1846 ἔκρινε
1045 1752 1148 1843 βουλή,
1191 1751 1192 1766 ’

109 1885 134 1926 15
147 1860 203 1926 καί
236 1865 304 1931 τῶν
336 1863 579 1950 προσηκόντων
610 1880 681 1945 τοῖς
712 1869 878 1934 τεθνεῶσι
909 1862 996 1933 κατὰ
1032 1865 1148 1949 πλῆθος

148 1963 371 2055 ὁρμησάντων
401 1969 450 2039 ἐπ’
476 1969 597 2057 αὐτόν,
630 1970 798 2052 ἀδύνατος
828 1969 876 2040 οδυ
906 1976 954 2039 ἔτι
982 1974 1147 2058 διαφυγεῖν

147 2071 209 2160 τήν
242 2077 278 2142 ἐκ
310 2075 419 2164 χειρὸς
452 2081 551 2165 δίκην
582 2080 822 2160 καταλευσθεὶς
853 2076 910 2147 ὑπ’
941 2075 1055 2146 αύτῶν
1081 2073 1147 2143 ἀπο-

107 2179 299 2266 5θνήσκει.
358 2182 476 2263 Τάτιος
508 2184 570 2271 μὶν
603 2177 666 2253 οὖν
698 2185 854 2271 τοιαύτης
885 2187 1040 2270 τελευτῆς
1070 2188 1147 2266 ἔτυχε

146 2291 223 2371 τρία
241 2286 304 2373 μὲν
328 2293 383 2374 ἔτη
402 2290 592 2377 πολεμήσας
605 2288 774 2382 Ῥωμύλῳ,
797 2293 895 2360 πέντε
914 2289 952 2358 δὲ
977 2288 1181 2375 συνάρξαςοῖῖ

106 2421 133 2460 το
146 2392 372 2462 θάπτεταιδ
399 2395 446 2475 είς
468 2392 600 2483 Ῥώμην
631 2398 807 2484 κομισθείς
834 2399 957 2487 ἐντίμῳ
984 2399 1074 2484 ταφή
1103 2393 1147 2460 καὶ
1192 2387 1193 2480 λ

146 2497 226 2586 χοάς
254 2499 343 2592 αύτῷ
375 2498 456 2568 καθ’
482 2502 624 2570 ἕκαστον
656 2501 812 2572 ἐνιαυτὸν
844 2500 865 2589 ή
893 2502 990 2581 πόλις
1023 2505 1150 2570 ἐπιτελεῖ
1192 2483 1193 2518 λ

147 2611 302 2695 δημοσίᾳ.

235 2733 321 2800 LIII.
348 2728 516 2818 Ῥωμύλος
539 2731 577 2800 δὲ
600 2733 706 2820 μόνος
729 2735 781 2802 ἐπὶ
808 2733 870 2822 τήν
893 2732 1001 2823 ἀρχήν
1024 2732 1061 2803 τὸ
1084 2731 1147 2800 δεύ-

144 2861 245 2922 τερον
268 2834 431 2917 καταστάς
456 2837 495 2906 τό
522 2865 556 2906 τε
583 2837 666 2925 ἀγος
688 2838 890 2927 ἀφοσιοῦται
918 2839 956 2909 τὸ
983 2842 1060 2927 περί
1080 2836 1148 2916 τούς

105 2967 131 3008 τε
145 2943 300 3031 πρέσβεις
331 2943 517 3032 γενόμενον
548 2944 718 3032 προειπών
750 2961 820 3027 τοῖς
852 2949 1089 3036 ἐργασαμένοις
1113 2941 1146 3012 τό

145 3048 251 3136 μύσος
272 3047 397 3130 ὕδατος
421 3059 593 3138 είργεσθαι
615 3053 672 3120 καί
698 3052 805 3142 πυρός
828 3053 1069 3141 (ἐπεφεύγεσαν
1090 3049 1146 3140 γάρ

216 3287 234 3333 4
260 3280 414 3351 *λαβίνιον
447 3279 469 3333 0
578 3287 594 3335 5
627 3278 788 3338 συστάντων
821 3280 901 3339 εἶπεν
938 3280 987 3340 ἐπ’
1016 3281 1100 3340 αύτδν
1127 3283 1147 3335 Β

148 3475 180 3522 19
200 3466 384 3539 συνάρξας...
403 3473 426 3525 Β
498 3478 533 3538 24
551 3468 582 3527 τό
595 3476 695 3545 ..περί
713 3478 736 3530 Β
808 3485 842 3534 26
862 3481 949 3550 μύσος
967 3481 991 3534 Β
