2412 3912
135 210 179 274 64
560 213 727 266 -A—

93 369 297 458 δάγασθεὶς
330 370 366 438 δὲ
397 369 477 451 τοὺς
507 368 714 458 ἀνθρώπους
742 375 801 459 τῆς
832 373 1022 459 φιλοξενίας
1044 367 1129 459 Ἡρα-

135 482 231 566 κλῆς,
254 477 314 548 τὸν
338 478 399 566 μὲν
424 481 533 566 δῆμον
562 477 706 548 ἑστιάσει
728 477 927 566 ὑποδέχεται
949 477 1054 557 θύσας
1073 480 1130 546 τάν

135 590 228 673 βοῶν
249 612 344 666 τινας
366 586 504 672 καὶτῆς
533 583 636 672 ἀλλης
658 592 748 666 λείας
769 584 828 667 τάς
852 584 990 665 δεκάτας
1011 583 1132 666 ἐξελών·

137 691 216 774 τούς
240 690 277 759 δὲ
295 697 443 778 βασιλεῖς
462 690 555 782 χάρρι
571 696 677 782 πολλῇ
702 697 858 782 δωρεῖται
882 691 1019 778 Λιγύων
1037 719 1069 760 τε
1088 691 1133 758 καὶ

107 804 204 874 ττῶν
235 797 348 866 ἀλλων
379 804 592 887 προσοίκων,
624 789 664 885 ἧς
695 801 778 886 μέγα
811 801 987 867 ἐποιοῦντο
1024 797 1134 887 ἀρχειν,

133 906 355 993 παρανόμους
377 902 471 984 τινάς
494 906 527 986 ἐξ
550 902 652 992 αὐτῆς
675 904 826 992 ἐκβαλὸν
850 902 1062 992 ἀνθρώπους.
1095 904 1135 970 λέ-

134 1041 228 1101 γεται
252 1011 290 1080 δὲ
312 1010 396 1097 πρὸς
417 1011 564 1098 τούτοις,
588 1009 634 1092 ὥς
655 1014 712 1080 καὶ
735 1014 853 1099 δέησίν
875 1039 951 1081 τινα
973 1011 1135 1098 ποιήσαιτο

133 1124 205 1189 τῶν
238 1121 444 1206 ἐπιχωρίων,
477 1116 590 1205 ἐπειδὴ
622 1123 748 1204 πρῶτοι
780 1117 865 1187 θεὸν
897 1116 1004 1186 αὐτὸν
1042 1117 1137 1204 ένόμι-

136 1246 217 1311 σαν,
241 1222 331 1304 ὅπως
354 1221 547 1303 ἀθανάτους
577 1223 666 1317 αὐτῷ
690 1223 941 1313 διαφυλάττωσι
962 1223 1025 1304 τάς
1046 1221 1137 1310 τιμάς,

95 1363 121 1403 10
134 1331 283 1410 θύοντες
310 1330 372 1419 μὲν
404 1329 509 1416 ἀζνγα
537 1329 682 1418 δάμαλιν
710 1328 775 1399 ἀνά
802 1334 871 1399 πάν
894 1335 976 1416 ἔτος,
1001 1328 1138 1416 ἁγιστεύ-

135 1466 234 1519 οντες
262 1437 300 1506 δὲ
322 1435 384 1524 τὴν
413 1440 607 1526 ἱερουργίαν
636 1440 752 1506 ἔθεσιν
770 1436 996 1524 Ἑλληνικοῖς·
1030 1433 1139 1514 καλάς

136 1545 304 1627 διδάξειεν
332 1541 455 1624 αύτούς
484 1543 543 1624 τάς
569 1550 713 1632 θυσίας,
741 1547 798 1612 ἱνα
827 1541 884 1611 διά
906 1542 1033 1624 παντὸς
1063 1541 1139 1633 αύτῷ

137 1652 359 1741 κεχαρισμένα
381 1650 523 1737 θύοιεν,
543 1660 658 1730 οίκους
677 1650 739 1719 δύο
762 1654 832 1720 τῶν
852 1653 1030 1737 ἐπιφανῶν
1049 1673 1141 1735 παρα-

94 1769 117 1835 4
136 1758 259 1846 λαβάν.
300 1755 388 1825 εἶναι
412 1757 449 1825 δὲ
471 1756 550 1837 τούς
573 1757 746 1846 μαθόντας
769 1757 843 1826 τότε
869 1757 933 1844 τὴν
950 1754 1141 1845 Ἑλληνικὴν

95 1892 121 1933 15
136 1868 331 1954 ἱερουργίαν
346 1871 528 1944 Ποτιτίους
540 1891 576 1932 τε
590 1865 646 1932 καί
661 1871 860 1953 Πιναρίους,
875 1862 934 1950 ἀφ’
952 1855 1002 1932 ὧν
1017 1863 1059 1933 τά
1072 1867 1142 1950 γένη

131 1974 307 2059 διαμεῖναι
343 1972 438 2057 μέχρι
474 1976 602 2040 πολλοῦ
642 1970 704 2058 τὴν
742 1972 931 2058 ἐπιμέλειαν
959 1971 1179 2060 ποιούμεναιοι

134 2080 202 2146 τῶν
226 2079 380 2162 θυσιῶν,
410 2074 455 2156 ως
478 2079 604 2157 ἐκεῖνος
626 2078 868 2165 κατεστήσατο,
896 2084 1069 2148 Ποτιτίων
1092 2077 1144 2166 μέν

134 2180 338 2270 ἡγουμένων
361 2187 420 2270 τῆς
443 2187 634 2272 ἱερουργίας
654 2185 710 2252 καὶ
733 2188 800 2253 τῶν
825 2183 983 2272 ἐμπύρων
1008 2183 1145 2272 ἀπαρχο-

136 2291 265 2377 μένων,
288 2294 468 2377 Πιναρίων
492 2289 530 2358 δὲ
554 2290 755 2378 σπλάγχνων
778 2317 813 2358 τε
843 2296 1022 2378 μετουσίας
1046 2296 1145 2378 είργο-

80 2386 252 2485 ,νομένων
289 2385 344 2464 καὶ
383 2393 445 2464 ὅσα
481 2395 566 2465 ἀλλα
602 2401 704 2486 ἐχρῆν
735 2395 792 2466 ὑπ’
828 2395 956 2485 ἀμφοῖν
993 2402 1147 2483 γίνεσθαι

135 2500 198 2589 τὴν
224 2504 385 2587 δευτέραν
404 2501 505 2590 τιμὴν
524 2503 681 2590 ἐχόντων.
707 2503 832 2591 ταύτην
853 2503 891 2571 δὲ
913 2501 1029 2584 αὐτοῖς
1053 2522 1148 2592 προσ-

135 2611 279 2695 τεθῆναι
310 2605 373 2694 τὴν
405 2606 542 2697 ἀτιμίαν
575 2609 701 2697 ὀψίμου
732 2613 791 2697 τῆς
821 2615 1008 2698 παρουσίας
1047 2612 1148 2694 ἕνεκα,

137 2711 250 2799 ἐπειδὴ
290 2715 398 2784 έωθεν
437 2714 552 2796 αὐτοῖς
583 2715 765 2785 κελευσθὲν
800 2713 896 2802 ἥκειν
928 2718 1149 2805 έσπλαγχνευ

95 2821 250 2906 5μένων
278 2818 343 2907 ἤδη
371 2825 441 2890 τῶν
469 2825 569 2910 ἱερῶν
597 2821 771 2911 ἀφίκοντο.
813 2826 879 2891 νῦν
902 2823 1018 2909 μέντοι
1043 2822 1150 2894 οὐκέτι

96 2950 122 2993 εσ
136 2939 207 3006 τοϊς
234 2929 346 3012 γένεσι
372 2928 505 3007 τούτοις
531 2926 551 3015 ἡ
579 2931 653 3019 περὶ
680 2928 738 3009 τὰς
766 2932 956 3018 ἱερουργίας
984 2931 1151 3018 ἐπιμέλεια

136 3031 319 3118 ἀνάκειται,
342 3031 427 3101 ἀλλά
450 3039 566 3115 παῖδες
588 3039 624 3105 ἐκ
647 3039 708 3104 τοῦ
728 3039 894 3122 δημοσίου
917 3033 1043 3122 ὠνητοὶ
1069 3040 1151 3123 δρά-

209 3199 224 3246 2
254 3188 380 3247 ἑστιᾶσαι
399 3193 452 3248 AB
471 3210 539 3251 corr.
559 3195 680 3266 Sylburg
751 3202 767 3250 6
787 3189 958 3263 ἀνθρώπους
977 3212 1032 3250 om.
1053 3197 1080 3252 A
1106 3193 1152 3264 ἀρ-

136 3283 239 3337 χοντας
257 3264 303 3318 vel
320 3263 379 3317 tale
398 3265 466 3334 quid
485 3281 508 3319 ο.
529 3265 651 3320 Sintenis
669 3267 730 3320 Em.
745 3265 826 3322 Dion.
842 3265 882 3319 III
900 3285 927 3336 p,
947 3272 962 3320 ἵ
1038 3273 1073 3322 10
1093 3263 1151 3337 ἀγι·

137 3330 285 3396 στεύοντες
302 3334 328 3386 Α
355 3331 535 3398 πιστεύοντες
556 3337 579 3388 Β
652 3343 683 3390 12
709 3332 814 3399 αύτούς
837 3337 860 3392 0
890 3332 977 3400 αύτάς
1005 3355 1027 3394 ο.
1048 3338 1153 3394 Βείοἱτο

138 3413 171 3460 13
182 3399 354 3474 παραλαβὼν
364 3405 450 3459 om.B
487 3406 639 3475 θο*χρῆνῖ
676 3406 936 3476 21προςτιθέναιΒ
976 3409 1153 3464 θθεῖνεκαΒ

139 3474 259 3531 hem?
332 3480 365 3529 23
386 3475 676 3546 σπλαγχνευσαμένων
694 3477 716 3530 Β
789 3484 823 3531 24
843 3473 946 3546 ἕτέρων
966 3496 989 3536 ο,
1008 3478 1154 3550 Kiessling
