2396 3918
135 199 201 263 100
559 201 726 254 -Λ-

133 362 224 444 γίαν,
244 356 367 440 Ἰδαῖος
384 357 446 446 μὲν
462 355 479 428 ὁ
496 358 685 448 Δαρδάνου
699 360 802 448 μέρος
819 363 878 447 τῆς
893 360 1052 447 στρατιάς
1070 361 1143 444 ἔχων

134 466 172 537 ἐν
195 479 266 546 τοῖς
289 464 416 556 ὄρεσιν,
440 462 542 538 δινύν
562 464 669 536 Ἰδαία
683 463 735 536 &sl
752 469 886 537 ἐκείνου
908 466 1052 552 λέγεται,
1070 467 1145 530 ἔνθα

134 572 234 660 μητρὶ
270 577 365 642 θεων
404 572 497 662 ἱερὸν
535 573 763 663 ἱδρυσάμενος
798 573 899 662 ὄργια
933 574 991 642 καὶ
1026 568 1146 650 τελετάς

133 677 373 766 κατεστήσατο,
396 686 436 748 αδ
462 680 519 750 καὶ
542 685 590 761 είς
611 679 690 750 τάδε
713 681 844 770 χρόνου
867 681 1091 768 διαμένουσιν
1117 679 1146 745 ἐν
1195 727 1196 734 1

107 781 245 873 ὅάτάση
273 791 422 877 Φρυγίᾳ·
456 787 639 876 Δάρδανος
663 786 694 855 δ’
721 790 759 857 έν
790 791 832 877 τῇ
865 789 1060 875 καλουμένῃ
1091 787 1146 853 νῦν

139 890 273 980 Τρωάδι
296 892 398 962 πόλιν
423 890 607 982 ὁμώνυμον
630 892 720 988 αὑτῷ
743 893 1012 980 κατασκευάσας,
1038 891 1148 970 δόντος

136 996 226 1091 αύτῷ
255 998 295 1068 τά
323 1005 429 1089 χωρία
462 1000 612 1089 Τεύκρου
640 1004 821 1090 βασιλέως,
853 999 913 1090 ἀφ’
944 993 987 1070 οὗ
1019 999 1148 1086 Τευκρὶς

97 1104 175 1175 5τὸ
205 1103 347 1194 ἀρχαῖον
377 1105 464 1196 ἡγῇ
495 1109 645 1195 ἐλέγετο·
676 1112 798 1178 τοῦτον
827 1108 866 1177 δὲ
895 1107 994 1177 άλλοι
1015 1133 1053 1175 τε
1079 1113 1148 1174 κολ-

136 1212 191 1280 λοὶ
213 1213 269 1280 καλ
295 1213 500 1302 Φανόδημος
524 1211 542 1282 ὁ
564 1212 627 1302 τὴν
647 1214 798 1304 ’Λττικὴν
821 1215 953 1307 γράψας
981 1213 1149 1303 ἀρχαιολο-

59 1307 64 1316 ’
97 1337 124 1377 10
137 1324 216 1405 γίαν
240 1320 275 1388 ἐκ
298 1323 357 1407 της
376 1319 525 1408 Ἀττικῇς
546 1325 745 1409 μετοικῆσαί
760 1343 866 1410 φασιν
890 1328 938 1403 είς
959 1320 1023 1409 τὴν
1044 1320 1149 1390 Ἀσίαν

136 1425 248 1513 δήμου
260 1428 472 1508 Ξυπεταιέως
494 1427 642 1516 ἄρχοντα
664 1431 720 1498 καὶ
743 1427 851 1499 ττολλά
873 1430 1079 1520 παρέχονται
1095 1431 1149 1498 τού
1196 1515 1197 1520 ¹

135 1531 240 1620 λόγου
262 1533 434 1622 τεκμήρια.
462 1536 676 1622 κρατήσαντα
701 1535 739 1605 δὲ
761 1521 872 1627 χάρας
894 1540 1024 1624 συχνῆς
1044 1563 1080 1605 τε
1101 1535 1151 1603 καὶ
1196 1541 1197 1620 λ

134 1636 267 1726 ἀγαθῆς
302 1642 360 1709 καλ
397 1639 438 1709 ού
469 1639 556 1710 πολὺ
592 1641 630 1712 τὸ
663 1641 845 1734 ἐπιχώριον
882 1642 1025 1730 ἐχούσης
1059 1643 1152 1728 γένος
1196 1643 1197 1650 '

134 1743 291 1833 ἀσμένως
308 1745 369 1817 τὸν
385 1747 573 1837 Δάρδανον
597 1752 686 1818 ἰδεῖν
707 1752 764 1820 καὶ
786 1748 824 1819 τὸ
849 1747 914 1819 σὺν
938 1747 1028 1843 αύτῷ
1048 1761 1188 1835 παρα-16

96 1867 122 1909 15
136 1851 323 1940 γενόμενον
346 1850 568 1943 Ἑλληνικόν,
595 1860 664 1926 τῶν
687 1883 722 1926 τε
749 1854 833 1946 πρὸς
859 1855 939 1937 τούς
965 1855 1154 1946 βαρβάρους

136 1963 293 2047 πολέμων
318 1967 507 2049 συμμαχίας
530 1965 628 2031 ἕνεκα
649 1966 705 2033 καὶ
729 1969 787 2032 ἵνα
810 1961 831 2053 ἡ
855 1968 897 2051 γῆ
913 1962 958 2052 μὴ
981 1955 1003 2052 ᾗ
1028 1968 1154 2052 ἕρημος.

203 2068 305 2135 LXII.
325 2065 474 2136 Ἀιταιτεῖ
497 2067 535 2136 δὲ
559 2067 576 2137 ὁ
600 2069 701 2157 λόγος
722 2072 779 2139 καὶ
800 2068 862 2139 τὸν
885 2074 1029 2139 Αἰνείαν
1052 2071 1087 2151 ἐξ
1110 2059 1155 2135 ὧν

138 2178 203 2260 ἔφυ
241 2169 488 2261 διηγήσασθαι·
526 2180 665 2266 βραχείᾳ
702 2175 745 2264 δὴ
781 2177 838 2246 καὶ
874 2181 974 2246 τοῦτο
1013 2173 1155 2263 δηλώσει

137 2283 287 2367 σημανῶ.
334 2279 518 2370 Δάρδανος
547 2280 662 2369 ἐπειδὴ
693 2282 834 2372 Χρύσην
863 2281 927 2371 τὴν
957 2281 1156 2362 Πάλλαντος

97 2397 124 2442 2⁰
138 2389 325 2475 θυγατέρα,
354 2390 387 2469 ἐξ
415 2378 455 2474 ἧς
483 2391 519 2456 οί
542 2389 700 2478 πρότεροι
728 2393 845 2470 ιταϊδες
867 2390 1026 2476 ἐγένοντο
1056 2388 1157 2482 αὐτῷ,

137 2497 332 2581 τελευτῆσαι
370 2496 553 2582 συνέπεσε,
590 2495 736 2565 Βάτειαν
772 2510 874 2584 γαμεῖ
907 2494 971 2584 τὴν
1008 2495 1158 2584 Τεύκρου

138 2601 325 2688 θυγατέρα·
349 2602 405 2668 καὶ
419 2606 547 2688 γίνεται
561 2617 639 2683 ταῖς
652 2601 742 2694 αὐτῷ
755 2600 979 2691 Ἐριχθόνιος,
1003 2599 1041 2683 ὃς
1055 2599 1159 2671 ἁπάν-

138 2731 207 2774 των
231 2703 428 2802 άνδρμέπων
451 2706 751 2797 εὐδαιμονέστατος
768 2710 898 2796 λέγεται
916 2711 1081 2795 γενέσθαι
1102 2713 1161 2796 τῆς

139 2837 175 2880 τε
202 2809 358 2904 πατρῴας
384 2813 440 2880 καὶ
467 2817 526 2899 τῆς
554 2812 619 2884 ύκὸ
643 2819 688 2908 τῷ
719 2814 947 2904 μητροπάτορι
974 2818 1163 2905 γενομένης

170 3089 179 3110 ‚
206 3029 229 3107 ,6
247 3018 388 3095 *κάσηΟ
461 3033 477 3081 6
492 3020 569 3081 αὑτῶ
588 3027 636 3082 Bb
653 3027 766 3116 Sauppe
781 3028 853 3099 Eph.
873 3026 950 3085 Gott.
967 3035 1037 3086 1861
1054 3047 1082 3100 p.
1093 3033 1163 3085 1859

142 3114 219 3151 αυτω
242 3094 321 3149 ΑΒο
395 3101 428 3152 10
447 3081 574 3167 φησινΪδ
648 3104 680 3153 11
698 3102 794 3170 δημου
813 3101 838 3154 A
857 3117 911 3157 om.
927 3101 950 3154 B
967 3103 971 3172 Ι
988 3099 1165 3168 ξυτεταιέως

142 3167 255 3237 (Dmg)
278 3166 325 3220 vel
352 3167 566 3233 ξυτεταιωνίως
594 3169 717 3242 Sylburg
741 3170 863 3242 Sauppe,
889 3172 962 3242 Eph.
992 3171 1071 3228 Gott.
1094 3177 1163 3228 1861

141 3310 170 3380 μ.
189 3297 258 3346 1861
280 3285 468 3357 έξυττεταιέως
486 3294 509 3347 Β
529 3258 702 3360 ἐξυποταιέως
717 3295 743 3349 Δ
758 3295 763 3366 Ι
779 3294 979 3366 παρέχονταΑ
1045 3305 1079 3354 21
1101 3315 1168 3352 συν-

143 3378 226 3416 εκεσε
254 3363 465 3431 τελευτῆσαιΒ
498 3367 503 3432 Ι
541 3360 660 3437 βάτειαν
682 3366 708 3420 Δ
748 3365 860 3437 Sauppe
888 3367 960 3437 Eph.
989 3367 1069 3425 (δολί.
1094 3374 1166 3424 1861

144 3450 172 3500 p.
194 3437 262 3487 1863
283 3434 385 3504 βατίαν
403 3432 426 3486 Β
