2404 3918
141 231 207 298 οοε
566 236 732 286 υε-

140 392 178 461 δδ
195 389 358 480 Ῥωμαῖος
379 389 540 462 ὑπελθῶν
563 390 626 479 τὴν
644 387 819 478 προβολὴν
842 392 904 458 τοῦ
921 392 1089 476 πολεμίου
1107 389 1155 456 καί

139 503 208 568 τῶν
232 503 361 586 ίγνυῶν
383 496 446 586 τὴν
470 498 588 587 ἐτέραν
611 495 799 586 ὑποτεμών.

229 609 300 676 XX.
329 603 365 674 ‘O
387 606 450 694 μὲν
474 603 517 694 δὴ
540 604 579 675 τὸ
602 610 737 695 καίριον
760 608 892 694 τραῦμα
915 602 1033 689 λαβὼν
1055 597 1154 681 εὐθὺς

140 712 325 800 ἐτεθνήκει,
349 709 367 780 δ
386 711 425 780 δδ
442 712 505 800 τὴν
524 710 647 800 ἰγνύαν
665 713 872 798 τετρωμένος
891 708 1005 780 οὐκέτι
1023 709 1154 796 βέβαιος

115 811 186 906 εῆν
210 819 357 906 ἑστάναι,
376 819 508 902 σκάζων
526 819 564 888 δέ
581 819 637 888 καὶ
654 817 696 888 τά
714 813 824 888 πολλά
839 822 885 911 τῶ
904 819 1021 910 θυρεῷ
1041 820 1153 904 διερει

141 924 286 1013 δόμευος
313 922 464 1014 ἀντεῖχεν
492 924 583 1014 ὅμως
610 929 658 996 ἐτι
688 927 744 994 καί
772 924 853 1014 μετά
882 927 946 994 τοῦ
972 931 1153 1012 περιλειπο

140 1033 246 1120 μένου
276 1034 346 1101 τῶν
377 1030 537 1118 ἀδελφῶν
568 1032 621 1101 ἐπὶ
657 1029 718 1102 τὸν
749 1029 965 1119 ὑπομένοντα
993 1028 1153 1118 Ῥωμαῖον

141 1139 268 1228 ἐχάρει,
287 1139 508 1229 περιέστησάν
526 1165 562 1209 τε
581 1136 688 1208 αὐτὸν
707 1136 725 1207 ὁ
744 1138 807 1226 μὲν
826 1137 861 1220 ἐξ
879 1139 1036 1218 ἐναντίας
1056 1156 1152 1226 προσ-

102 1247 221 1333 2ιῶυ,
245 1245 263 1317 ὁ
291 1247 328 1316 δδ
350 1245 434 1317 κατά
456 1245 579 1316 νοότου.
623 1249 669 1338 τῷ
699 1246 737 1315 δὲ
754 1243 906 1338 Ῥωμαίῳ
936 1249 1087 1314 δείσαντι
1116 1243 1151 1331 μὴ

102 1381 129 1422 10
142 1355 329 1435 κυκλωθεὶς
359 1352 443 1442 πρὸς
475 1352 588 1422 αὐτῶν
620 1351 881 1441 εὐκατέργαστος
911 1353 1052 1439 γένηται
1080 1355 1153 1419 δυσί

139 1486 175 1529 τε
198 1460 387 1548 μαχόμενος
409 1460 465 1529 καὶ
487 1458 631 1548 διχόθεν
654 1461 819 1544 ἐπιοῦσιν,
841 1449 886 1546 ἦν
909 1458 948 1526 δέ
971 1456 1151 1547 ἀκραιφνὴς

141 1571 204 1652 ἔτι,
228 1565 388 1655 λογισμὸς
416 1568 598 1656 εἰσέρχεται
629 1570 755 1634 διελεῖν
781 1562 862 1646 τοὺς
887 1570 1070 1654 πολεμίους
1099 1561 1148 1632 ἀπ’

140 1671 296 1761 ἀλλήλων
314 1676 370 1744 καί
394 1676 496 1764 χωρὶς
515 1675 658 1766 ἑκατέρω
678 1673 853 1762 μάχεσθαι.
895 1675 1003 1764 ῥᾷστα
1025 1672 1064 1741 δδ
1078 1676 1150 1740 ’δια

141 1780 277 1869 στήσειν
301 1779 424 1862 αὐτοὺς
446 1779 694 1869 ὑπελάμβανεν,
717 1786 749 1849 εί
773 1780 877 1863 δόξαν
900 1779 1070 1868 παράσχοι
1091 1795 1185 1866 φυνῠ

101 1909 127 1952 15
141 1890 214 1974 γῆς·
239 1885 280 1978 οὐ
302 1886 367 1976 γάρ
385 1885 441 1956 ὑπ’
464 1886 665 1979 ἀμφοτέροιν
684 1886 868 1970 διώξεσθαι
886 1890 956 1956 τῶν
974 1885 1150 1973 Ἀλβανῶν,

141 1992 214 2063 ἀλλ’
240 1992 301 2082 ὑφ’
328 1995 419 2081 ἑνός,
453 1993 543 2084 δρῶν
576 1994 637 2064 τὸν
670 1993 821 2082 ἀδελφὸν
854 1991 964 2063 οὐκέτι
994 1991 1150 2082 καρτερὸν

140 2105 210 2169 τῶν
231 2104 358 2171 ποδῶν.
408 2105 512 2170 ταῦτα
535 2100 620 2189 (δὴ)
645 2101 843 2188 διανοηθείς
871 2098 916 2180 ῶς
942 2098 1010 2188 εἶχε
1037 2098 1149 2187 τάχους

142 2213 262 2296 ἔφευγε
286 2209 342 2278 καί
366 2207 549 2278 συνέπεσεν
578 2208 668 2302 αὐτῷ
692 2208 737 2296 μὴ
763 2213 958 2297 διαμαρτεῖν
988 2211 1048 2292 τῆς
1070 2209 1148 2276 ἐλπί-

102 2315 123 2378 3
143 2317 211 2396 δος.
252 2313 270 2384 ὁ
294 2315 357 2404 μέν
378 2314 442 2403 γάρ
467 2317 577 2410 ἕτερος
598 2319 668 2384 τῶν
686 2313 860 2401 Ἀλβανῶυ
886 2311 1049 2400 οὐδεμίαν
1072 2319 1147 2400 ἔχων

104 2446 131 2486 εο
145 2421 277 2510 πληγὴν
299 2427 434 2511 καίριον
456 2425 596 2492 ἐδίωκεν
620 2419 725 2491 αὐτὸν
748 2421 904 2506 ἐκποδός,
930 2418 949 2489 ὁ
974 2419 1005 2488 δ’
1033 2415 1147 2507 έπιβαί·

142 2547 216 2598 νειν
239 2526 408 2609 ἀδύνατος
436 2523 486 2597 ῶν
513 2527 600 2598 πολὺ
627 2532 688 2598 τοῦ
717 2529 855 2608 δέοντος
883 2524 1026 2615 ὑστέρει.
1071 2532 1146 2594 ἔνθα

142 2633 185 2722 δὴ
208 2639 276 2704 τῶν
297 2633 470 2722 Ἀλβανῶν
492 2650 563 2716 τοῖς
586 2637 760 2723 σφετέροις
783 2635 1067 2721 ἐγκελευομένων,
1088 2635 1145 2701 τῶν

143 2741 181 2810 δὲ
203 2740 377 2830 Ῥωμαίων
410 2741 470 2812 τὸυ
503 2739 616 2811 αὑτῶν
649 2739 840 2828 ἀγωνιστὴν
867 2739 1073 2823 καταξόντων
1099 2738 1143 2806 καί

141 2850 210 2917 τῶν
233 2848 296 2936 μὲν
320 2848 363 2938 δὴ
389 2848 636 2931 παιανιζόντων
662 2873 698 2918 τε
724 2849 781 2916 καὶ
804 2850 1088 2936 στεφανουμένων
1108 2841 1143 2922 ῶς

215 3087 229 3137 1
253 3078 410 3157 προςβολήν
434 3099 456 3140 υ,
482 3079 605 3153 Sylburg
690 3085 707 3136 2
732 3076 837 3152 ἐγνάων
862 3081 884 3136 0
966 3085 984 3135 4
1008 3073 1140 3149 ίγνόανΒ

143 3151 224 3224 ίγνάν
242 3155 268 3209 R
323 3159 355 3209 15
373 3149 508 3224 Ἀλβανῶν
528 3152 651 3208 Sintenis
669 3155 731 3208 Em.
746 3152 827 3209 Dion.
842 3153 869 3206 II
887 3170 915 3222 p.
931 3157 963 3207 11
984 3145 1139 3236 άδελφῶνθ

143 3231 177 3280 16
206 3220 282 3292 δρῶν
308 3225 331 3278 Β
359 3219 481 3294 ὁρῶντος
507 3225 533 3279 R
622 3232 654 3280 17
686 3225 743 3279 τῶν
770 3220 856 3279 πόδ..
880 3224 927 3278 Ba
957 3219 1009 3277 τὸν
1031 3217 1139 3276 ποδαΒ

142 3295 199 3348 τῶν
217 3295 314 3348 ποδῶν
333 3293 422 3350 Cobet
436 3293 500 3348 obs.
515 3313 542 3364 p.
556 3300 591 3349 64
607 3299 611 3364 Ι
627 3291 664 3364 δὴ
683 3313 737 3351 om.
754 3294 777 3350 Ο
794 3293 905 3349 addidit
922 3293 1012 3350 Cobet
1029 3293 1047 3348 l.
1061 3292 1078 3345 l.
1092 3283 1138 3378 [ὧν

144 3361 220 3432 εἶχεν
240 3361 329 3434 ἐφυγε
351 3359 456 3434 τάχους
475 3364 497 3418 Ο
522 3381 591 3420 corr.
610 3366 759 3436 Kiessling,
782 3365 871 3420 Cobet
893 3364 946 3420 11.
1021 3369 1052 3418 19
1070 3361 1137 3416 ουδε·

145 3435 212 3500 μίαν
230 3434 253 3487 Β
272 3436 412 3522 μηδεμίαν
430 3433 456 3487 R
523 3441 556 3488 21
576 3432 688 3506 ὑστέρει
705 3437 753 3492 Bb
770 3432 977 3505 δοτερεῖΒοΒ
1040 3439 1071 3488 22
1089 3426 1138 3486 ἐπι·

145 3506 338 3570 κελευομενον
356 3505 378 3556 Β
446 3509 481 3557 24
498 3499 554 3572 ἤδη
573 3523 596 3560 ο.
615 3506 756 3577 Kiessling
