2404 3918
143 197 208 264 378
569 231 602 242 -
641 203 735 255 r-

141 358 206 446 λήν
238 359 277 428 δέ
307 366 403 429 λείαν
440 363 477 430 ἐκ
511 365 571 450 τῆς
602 357 777 449 Ῥωμαίων
813 358 925 448 χώρας
960 357 1156 436 ἐλαύνοντες

141 464 300 553 ἀπῆλθον
328 466 379 536 ἐπ’
405 476 517 557 οίκον,
546 467 703 558 φρουρὰν
732 471 770 538 ἐν
797 472 837 558 τῇ
864 465 998 556 Φιδήνη
1028 473 1156 534 καταλι-

141 572 262 655 πόντες
294 574 505 663 ἀποχρῶσαν.
554 576 640 664 αὕτη
672 575 737 664 γὰρ
769 574 791 664 ἡ
823 575 920 655 πόλις
952 571 1156 662 ὁρμητήριον

142 677 258 761 αὐτοῖς
285 685 423 751 ἐσεσθαι
449 683 630 772 κράτιστον
657 682 767 753 ἐδόκει
795 686 857 751 τοῦ
882 680 967 750 κατὰ
985 679 1156 766 Ῥωμαίων

103 753 299 884 ιοἒπολέμου.
348 791 506 877 βασιλεὺς
538 781 576 859 δὲ
611 789 800 878 Ταρκύνιος
832 793 880 870 είς
910 783 1054 856 τούπιὸν
1090 791 1156 864 ἔτος

135 889 322 981 Ῥωμαίους
351 923 388 964 τε
420 895 615 985 σύμπαντας
645 902 855 978 καθοπλίσας
885 895 942 964 καὶ
970 891 1063 982 παρὰ
1095 897 1154 962 τόν

142 999 327 1090 συμμάχων
355 1000 458 1084 ὅσους
485 1003 628 1074 ἐδύνατο
655 1009 833 1084 πλείστους
859 998 1066 1091 παραλαβὼν
1091 1001 1152 1086 ἐξῆ-

141 1134 201 1194 ρεν
228 1110 282 1177 ἐπὶ
308 1108 388 1192 τοὺς
413 1115 594 1199 πολεμίους
619 1115 719 1199 ἔαρος
739 1111 946 1198 ἀρχομένου,
969 1113 1049 1196 πρὶν
1074 1110 1185 1179 ἐκεί-εει

141 1241 223 1294 νους
245 1217 478 1303 συναχθέντας
504 1218 538 1298 ἐξ
560 1213 701 1286 ἁπασῶν
723 1220 794 1286 τῶν
820 1218 953 1285 πόλεων
976 1213 1028 1284 ἐπ’
1055 1211 1148 1284 αὐτὸν

102 1339 129 1380 10
142 1318 187 1402 ὡς
208 1321 375 1410 πρότερον
398 1325 525 1392 ἐλθεῖν·
551 1323 608 1392 καλ
631 1322 754 1393 διελδεν
777 1328 825 1404 είς
847 1323 911 1392 δύο
931 1327 1055 1411 μοίρας
1077 1321 1147 1390 ἄτα-

141 1446 206 1496 σαν
232 1427 295 1516 την
324 1430 472 1519 δύναμιν
498 1433 558 1518 τῆς
584 1430 647 1519 μὲν
663 1429 850 1518 Ῥωμαικῆς
877 1433 1037 1522 στρατιᾶς
1059 1429 1142 1508 αὐτὸς

140 1533 330 1623 ἡγούμενος
352 1538 405 1606 ἐπὶ
427 1536 487 1617 τὰς
508 1536 623 1618 πόλεις
643 1543 713 1607 τῶν
739 1541 924 1626 Τυρρηνῶν
949 1536 1135 1624 ἐστράτευσε,

140 1645 200 1729 τῆς
222 1641 261 1710 δὲ
283 1646 507 1731 συμμαχικῆς,
536 1646 573 1713 ἐν
595 1636 617 1734 ᾖ
640 1643 678 1712 τὸ
707 1652 865 1712 πλεῖστον
892 1646 994 1732 μέρος
1024 1671 1070 1732 ην
1090 1647 1140 1710 τόν

142 1753 315 1834 Λατίνων,
344 1748 499 1836 Ἠγέριον
530 1750 592 1820 τὸν
628 1752 751 1820 ἑαυτοῦ
783 1755 930 1838 συγγενῆ
969 1748 1144 1840 στρατηγὸν

103 1869 129 1912 1⁵
143 1855 321 1938 ἀποδείξας
353 1856 406 1924 ἐπὶ
441 1856 520 1938 τοὺς
555 1861 593 1927 ἐν
628 1858 762 1947 Φιδήνη
794 1861 974 1946 πολεμίους
999 1860 1146 1934 ἐκέλευσε

101 1954 272 2052 4χωρείν.
312 1962 421 2053 ἡμδν
449 1957 513 2034 οὖν
541 1964 731 2053 συμμαχικὴ
754 1969 898 2052 πλησίον
920 1969 980 2052 τῆς
1007 1963 1148 2050 Φιδήνης

140 2068 200 2139 τὸν
231 2071 359 2160 χάρακα
391 2070 454 2142 οὐκ
484 2074 522 2141 ἐν
555 2068 700 2160 ιἰσφαλελ
731 2078 843 2164 χωρίφ
872 2073 1002 2159 θεμένη
1030 2069 1087 2140 διδ
1114 2066 1146 2138 τὸ

140 2192 367 2266 καταφρονεῖν
406 2183 475 2248 τῶν
517 2185 687 2267 πολεμίων
728 2177 848 2266 ὀλίγον
887 2177 981 2259 τινὸς
1020 2179 1146 2265 ἐδέησεν

141 2288 231 2351 πᾶσα
255 2288 503 2375 διαφθαρῆναι·
528 2290 564 2355 oi
583 2284 648 2375 γὰρ
672 2289 709 2356 ἐν
732 2291 772 2377 τῇ
791 2286 887 2355 πόλει
906 2285 1053 2374 φρουροὶ
1074 2281 1146 2370 βοή-

101 2399 241 2460 θθειαν
265 2392 382 2479 ἑτέραν
404 2391 506 2481 παρὰ
519 2397 704 2482 Τυρρηνῶν
726 2393 841 2481 κρύφα
863 2391 1145 2482 μεταπεμψάμενοι

140 2498 196 2566 καὶ
219 2497 428 2585 φυλάξαντες
452 2497 574 2589 καιρὸν
602 2497 791 2587 ἐπιτήδειον
819 2497 1013 2579 ἐξελθόντες
1039 2499 1074 2566 ἐκ
1093 2500 1146 2581 τῆς

140 2604 268 2685 πόλεως
290 2607 350 2675 τόν
372 2632 408 2675 τε
431 2605 561 2693 χάρακα
582 2609 651 2674 τῶν
681 2611 851 2694 πολεμίων
874 2610 997 2692 ἔλαβον
1021 2607 1054 2686 ἐξ
1075 2602 1145 2689 ἐφό-

142 2714 206 2780 δου
227 2711 367 2799 φαύλως
384 2713 640 2801 φυλαττόμενον
657 2712 714 2780 καλ
736 2716 804 2781 τῶν
828 2711 1080 2799 ἐξεληλυθότων
1097 2709 1142 2777 ἐπὶ

101 2815 199 2897 {nens
224 2816 399 2906 προνομὰς
424 2817 533 2889 πολὺν
565 2818 765 2906 εἰργάσαντο
796 2817 919 2907 φόνον.
967 2816 989 2904 ἡ
1019 2818 1056 2887 δὲ
1075 2815 1142 2884 Ῥω-

101 2939 127 2980 25
141 2931 251 3013 μαίων
274 2926 417 3012 δύναμις
439 2917 479 3013 ἧς
506 2928 692 3016 Ταρκύνιος
714 2924 827 3013 ἡγεῖτο
849 2924 912 3013 τὴν
937 2924 1141 2994 Οὐιεντανῶν

139 3038 298 3119 κείρουσα
319 3033 376 3100 καὶ
398 3037 605 3120 λεηλατοῦσα
628 3032 741 3122 χοίραν
763 3033 819 3101 καὶ
841 3029 969 3111 πολλὰς
991 3029 1140 3118 ὠφελείας

211 3270 228 3317 4
248 3259 344 3318 ἐδόκει
361 3260 509 3332 κράτιστον
529 3261 647 3318 ἔσεσθαι
666 3263 689 3318 Ο
715 3265 828 3333 praeter
845 3263 868 3317 Β
942 3268 977 3317 14
995 3243 1136 3332 ἡρέδονδ

141 3338 174 3386 17
193 3330 245 3389 τόν
263 3331 375 3403 χάρακα
397 3338 463 3402 post
485 3331 596 3403 θεμένη
617 3333 639 3388 0
684 3338 778 3389 taeter
800 3334 950 3407 ΒΙχωρίφ
969 3334 1034 3390 fort.
1056 3331 1135 3386 delen·

141 3403 271 3457 dumont
334 3410 367 3458 19
384 3399 544 3458 *amnuo
611 3409 646 3459 23
664 3351 916 3474 ἐξεληλυθότωνΒ
936 3399 1134 3470 ἐξελθόντωνδ

142 3476 177 3524 24
195 3474 350 3543 προνομίας
368 3473 393 3527 Α
