2396 3918
474 213 639 268 -B·’·
999 211 1062 279 179

21 371 203 459 ειοίδρύσεις
224 372 358 461 μορφάς
379 399 415 443 τε
438 370 551 442 αὐτῶν
573 372 629 440 καὶ
647 371 801 460 σύμβολα
823 374 878 442 καὶ
903 373 1065 462 δυνάμεις

62 480 110 547 καὶ
130 479 269 566 δωρεάς,
292 475 346 561 αἷς
367 478 405 551 τὸ
429 481 529 567 γένος
550 475 648 566 ἡμῶν
675 475 919 566 εύηργέτησαν,
947 478 1064 567 ἐορτύς

62 611 91 653 τε
114 583 228 667 ὁποίας
253 585 351 667 τινάς
386 583 513 677 ἑκάστφ
540 588 635 654 θεῶν
661 580 684 672 ἢ
712 585 886 673 δαιμόνων
918 585 1064 676 ἄγεσθαι

63 691 203 779 προςήκει
225 693 283 762 καί
304 697 439 778 θυσίας,
467 685 522 772 αίς
542 696 700 779 χαίρουσι
721 691 958 780 γεραιρόμενοι
980 691 1064 782 πρὸς

64 795 258 887 Imm,
289 801 469 887 ἐκεχειρίας
489 823 525 867 τε
553 790 597 866 αὖ
619 799 677 867 καὶ
698 799 903 889 πανηγύρεις
928 800 985 869 καί
1006 799 1091 869 utI-³

63 927 123 998 νων
148 903 344 986 ἀναπαύλας
371 906 427 975 καὶ
453 903 564 974 πάντα
590 903 631 974 τά
658 909 797 975 τοιαῦτα
825 903 950 994 ὁμοίως
970 931 1063 977 κατε-

64 1010 191 1099 στήσατο
219 1027 292 1094 τοῖς
321 1003 511 1100 κρατίστοις
536 1015 606 1080 τῶν
633 1010 712 1098 παρ’
730 1010 869 1099 Ἕλλησι
896 1017 1064 1101 νομίμων·

64 1115 128 1198 τούς
153 1119 192 1188 δὲ
221 1119 517 1206 παραδεδομένους
542 1120 618 1206 περὶ
648 1119 762 1188 αὐτῶν
784 1117 928 1207 μύθους,
952 1122 989 1188 ἐν
1013 1113 1103 1201 οἷς3

65 1229 259 1313 βλασφημίαι
290 1224 380 1306 τινες
415 1229 519 1293 ἐνεισι
555 1221 628 1293 κατ’
658 1222 770 1294 αύτύν
802 1221 824 1312 ἢ
855 1232 1064 1314 κακηγορίαι,

63 1331 219 1420 πονηρούς
255 1333 312 1400 καῖ
348 1330 533 1418 ἀνωφελεῖς
563 1332 620 1400 καὶ
652 1328 846 1420 ἀσχήμονας
881 1328 1064 1420 ὑπολαβὼν
1078 1353 1105 1393 10

63 1434 214 1507 εἶναικαὶ
239 1435 301 1526 ούχ
319 1436 372 1508 ὅτι
394 1440 488 1506 θεῶν
510 1435 584 1506 ἀλλ’
607 1435 681 1508 οὐδ’
705 1437 899 1527 ἀνθρώπων
922 1437 1065 1527 ἀγαθοῖν

63 1541 179 1631 ἀξίους,
211 1542 362 1626 ἅπαντας
393 1545 526 1631 ἐξέβαλε
558 1545 615 1614 καὶ
645 1544 872 1632 παρεσκεύασε
899 1543 978 1627 τούς
1006 1544 1065 1614 ἀυ-

62 1651 211 1739 δρόπους
245 1649 331 1739 <τά>
363 1650 523 1739 κράτιστα
559 1652 636 1739 περὶ
670 1656 765 1720 θεῶν
800 1653 912 1739 λέγειν
942 1677 978 1722 τε
1009 1653 1066 1721 καῖ

63 1772 192 1845 φρονεῖν
225 1758 332 1847 μηδὲν
360 1756 475 1839 αὐτοῖς
505 1757 761 1846 προσάπτοντας
786 1756 929 1840 ἀνάξιον
957 1757 1066 1845 ἐπιτή-

64 1869 164 1954 δευμα
179 1871 238 1954 τῆς
262 1872 426 1955 μακαρίας
448 1865 591 1954 φύσεως.
1079 1893 1105 1935 ιε

138 1975 279 2043 XVIIII.
302 1971 388 2043 Ούτε
406 1971 470 2062 γάρ
486 1971 643 2060 Οὐρανὸς
657 1971 899 2059 ἐκτεμνόμενος
911 1969 977 2042 ὑπὸ
996 1975 1065 2040 τῶν
1113 1965 1140 2060 J

64 2079 173 2149 ἑαυτοῦ
199 2084 333 2150 παίδων
362 2078 453 2169 παρά
470 2077 647 2168 Ῥωμαίοις
673 2080 803 2166 λέγεται
831 2077 909 2147 ούτε
931 2079 1067 2166 Κρόνος

27 2185 228 2274 ῖῖοάφανίζων
245 2187 305 2269 τάς
328 2189 450 2258 ἑαυτοῦ
473 2186 577 2274 γονάς
600 2185 697 2278 φόβφ
724 2191 784 2273 τῆς
806 2187 839 2268 ἐξ
862 2183 975 2254 αὐτῶν
998 2187 1067 2253 ἐπι-

64 2297 179 2376 θέσεως
201 2294 279 2364 ούτε
299 2293 384 2376 Ζεὺς
410 2294 586 2363 καταλύων
613 2291 676 2380 τὴν
699 2293 840 2380 Κρόνον
864 2295 1066 2362 δυναστείαν
1129 2285 1135 2300 ’

64 2379 111 2469 III
130 2407 333 2471 κατακλείων
357 2403 396 2470 ἐν
418 2405 464 2492 τῷ
485 2405 701 2492 δεσμωτηρίῳ
723 2403 785 2470 τού
808 2396 983 2486 Ταρτάρου
1005 2397 1066 2468 τὸν
1080 2427 1107 2468 εο

66 2507 173 2576 ἑαυτοῦ
204 2510 330 2596 πατέρα
364 2505 447 2575 ούδέ
475 2533 513 2593 γε
548 2506 689 2594 πόλεμοι
720 2507 777 2575 καί
807 2504 981 2594 τραύματα
1011 2506 1068 2574 καί

67 2616 170 2702 δεσμοὶ
196 2617 254 2684 καὶ
281 2624 416 2702 θητεῖαι
438 2617 532 2682 θεῶν
561 2611 640 2700 παρ’
666 2610 877 2702 ἀνθρώποις·
911 2611 1009 2701 ἑορτή
1032 2615 1107 2681 τε2

68 2718 192 2809 οὐδεμία
220 2718 298 2810 παρ’
325 2719 440 2800 αὐτοῖς
468 2724 677 2807 μελανείμων
704 2715 725 2805 ἢ
757 2721 925 2807 πένθιμος
953 2718 1068 2807 ἀγεται

67 2826 213 2907 κοπετούς
245 2832 369 2914 ἔχουσα
405 2827 462 2896 καὶ
492 2826 647 2914 θρήνους
682 2829 854 2912 γυναικῶν
887 2828 941 2895 ἐπὶ
972 2835 1069 2906 θεοῖς

69 2929 328 3021 ἀφανιζομένοις,
344 2930 404 3012 εἱς
429 2930 508 3021 παρ’
527 2930 688 3018 Ἕλλησιν
718 2933 912 3000 ἐπιτελεῖται
934 2939 1015 3020 περί
1024 2937 1068 3002 ’τε
1082 2961 1108 3004 εε

71 3039 275 3129 Φερσεφόνης
298 3035 453 3128 ἁρπαγὴν
475 3039 532 3107 καὶ
554 3035 596 3106 τά
615 3037 793 3107 Διονύσου
810 3038 905 3126 πάδη
927 3040 984 3107 καὶ
1005 3037 1068 3108 ὅσα

127 3208 140 3255 1
160 3195 274 3270 μορφάς
291 3219 322 3255 τε
338 3231 370 3240 -
386 3194 579 3268 εύηργέτησαν
597 3198 652 3252 del.
671 3197 745 3252 Smit
762 3198 827 3253 Obs.
846 3218 873 3268 p.
894 3204 909 3253 ⁷
979 3204 996 3252 4
1013 3201 1069 3253 δυ-

69 3270 129 3333 σίαις
144 3273 170 3327 Α
239 3277 256 3326 5
276 3266 451 3341 ἐκκεγειρίας
469 3270 516 3324 Bb
584 3275 600 3324 9
619 3269 787 3338 κατηγορίαι
806 3268 839 3338 Ο,
853 3286 924 3324 corr.
938 3268 1069 3324 Meineke

96 3338 177 3397 131&
205 3342 270 3398 add.
299 3341 443 3412 Kiessling
469 3336 505 3395 τά
534 3336 666 3395 κάλλιστα
694 3341 794 3395 Εωεεῖ).
876 3344 909 3394 18
932 3335 1023 3394 αύτού
1046 3341 1069 3394 Β

69 3413 96 3464 λδ
111 3407 295 3540 παΙρὲιαμάτοΐς
313 3407 434 3484 ούδεμία
447 3411 472 3465 Δ
487 3412 493 3484 1
508 3410 618 3474 πένθος
635 3411 658 3463 Β
730 3415 764 3466 25
783 3403 875 3480 ύςπερ
886 3403 1017 3480 Ἓλλησιν
1036 3411 1070 3483 0,

71 3497 127 3537 corr.
182 3502 244 3541 ιεε

853 3569 909 3623 12‘
