2408 3928
146 196 213 262 ιιι
571 195 737 249 -Β-

146 356 211 425 δύο
242 360 347 426 ταῦτα
378 354 712 444 πραγματευόμενος,
744 348 796 434 οἷς
823 363 1053 442 κοσμηθεῖσαν
1082 349 1144 420 ὑπε-
1197 416 1198 424 ,

146 463 318 551 λάμβανεν
349 458 419 549 [ἀν]
447 461 510 551 τὴν
538 462 639 532 πόλιν
668 459 855 548 εὐδαίμονα
882 468 1083 547 γενησεσθαι
1101 459 1145 526 καλ
1193 487 1198 552 ρ

147 570 308 659 μεγάλην·
341 567 516 656 εὐσέβειαν
544 568 607 656 μὲν
629 571 779 655 πρῶτον,
810 566 985 636 διδάσκων
1007 564 1082 646 τοὺς
1100 562 1145 632 ἀν·
1193 627 1195 660 ,

146 677 310 765 θράπονς
342 675 394 746 ὅτι
426 674 552 756 παντὸς
582 673 717 762 ἀγαθοῦ
749 678 827 744 θεοί
860 676 1001 764 δοτῆρές
1033 677 1093 742 είσι
1116 676 1146 759 τῇ

107 815 120 857 ο
147 788 258 873 θνητῇ
291 783 393 871 φύσει
424 783 481 852 καί
512 781 673 870 φύλακες,
706 787 818 852 ἔπειτα
849 780 1086 868 δικαιοσύνην,
1111 776 1145 845 δι’
1197 844 1198 876 3

146 887 190 977 ἢν
218 889 336 958 καὶ
301 918 343 959 τα
369 888 459 977 παρὰ
486 894 555 958 τῶν
583 894 677 959 θεῶν
705 887 894 977 ἀπέφαινεν
917 887 1034 975 ἀγαθὰ
1061 883 1177 964 καλάςειι

147 995 205 1078 τὰς
227 994 432 1077 ἀπολαύσεις
454 997 602 1086 φέροντα
624 1010 696 1077 τοῖς
716 997 948 1085 κτησαμένοις.

236 1105 354 1173 LXIII.
383 1095 485 1186 Ἐξ
459 1130 509 1172 ων
539 1102 576 1172 δέ
600 1103 799 1191 διεπράξατο
828 1102 945 1191 νόμων
973 1128 1008 1172 τε
1031 1102 1087 1170 καλ
1105 1123 1148 1167 πο-
1197 1127 1198 1136 ’

147 1210 355 1298 λιτενμάτων
387 1209 544 1299 ἕκάτερον
579 1209 709 1280 τούτων
747 1214 796 1290 εἰς’
831 1208 981 1298 μεγάλην
1015 1211 1148 1277 ἐπίδοσιν

110 1349 136 1388 10
149 1323 332 1404 προελθεῖν
360 1312 491 1385 ἅπαντα
519 1315 581 1404 μέν
611 1315 673 1400 οὐκ
700 1315 783 1398 ἀξιῶ
810 1316 972 1406 γράφειν,
1002 1313 1041 1385 τὸ
1066 1319 1150 1402 μῆκος

149 1420 370 1510 ὑφορώμενος
392 1427 453 1492 τοῦ
476 1423 582 1511 λόγον
600 1425 656 1492 καί
674 1421 744 1511 ἅμα
767 1422 841 1492 οὐδ’
863 1421 1053 1510 ἀναγκαίαν
1078 1419 1150 1509 ὁρῶν

149 1527 211 1617 τὴν
234 1526 437 1658 ἀναγραφὴν
459 1529 572 1600 αὐτῶν
589 1528 802 1616 Ἑλληνικαῖς
823 1532 1002 1617 ίστορίαις,
1023 1527 1105 1598 αὐτὰ
1124 1525 1151 1592 δὲ
1197 1613 1198 1616 ¹

148 1634 189 1704 τά
211 1635 401 1724 κυριώτατα
428 1637 484 1704 καὶ
514 1634 668 1726 φανερὰν
697 1635 872 1724 δννάμενα
894 1640 1035 1724 ποιῆσαι
1056 1639 1153 1704 πᾶσαν
1197 1721 1198 1726 ¹

149 1741 212 1828 τὴν
222 1748 437 1873 προαίρεσιν
465 1748 527 1812 τοῦ
550 1741 678 1831 ἀνδρὸς
706 1745 759 1812 έπλ
783 1749 978 1831 κεφαλαίων
1001 1740 1131 1832 ἐρῶ,
1103 1767 1152 1827 την

109 1877 135 1918 15
150 1845 258 1935 ἀρχην
287 1847 352 1917 ἀπὸ
380 1853 440 1937 τῆς
466 1847 605 1980 περὶ
569 1877 610 1918 τα
641 1859 722 1918 θεία
751 1850 1004 1938 διακοσμήσεως
1030 1846 1153 1936 ποιησέ-

109 1960 258 2043 2μενος.
305 1955 368 2025 ὅσα
392 1949 518 2045 μέν
478 1985 542 2026 ουν
565 1954 633 2026 ὑπὸ
653 1954 827 2045 Ρωμύλον
844 1958 1055 2044 ταχθέντα’
1038 1985 1075 2026 εν
1097 1959 1154 2024 έθι-
1197 2027 1198 2042 ρ

151 2077 248 2150 σμοῖς
273 2089 309 2131 τε
337 2065 393 2132 καλ
420 2064 541 2152 νόμοις
568 2066 773 2152 παρέλαβεν,
804 2061 870 2132 ἀπὸ
898 2067 961 2132 τοῦ
990 2069 1155 2153 κρατίστου
1197 2051 1198 2062 ³

149 2168 309 2257 τετάχθαι
337 2168 446 2238 πάντα
475 2167 687 2257 ἡγησάμενος
715 2177 766 2237 εία
793 2167 877 2238 κατὰ
905 2169 1022 2259 χώραν
1045 2173 1156 2258 μένειν,
1197 2225 1198 2282 ρ

152 2274 215 2344 ὅσα
252 2274 282 2343 δ’
313 2273 371 2342 ὑπ’
412 2278 545 2345 ἐκείνου
586 2284 854 2366 παραλελεῖφθαι
896 2277 1026 2364 ἐδόκει,
1067 2279 1198 2366 ταῦτα

113 2413 139 2453 ιο
152 2388 346 2471 προσετίθει
373 2380 480 2451 πολλὰ
508 2381 570 2470 μὲν
600 2381 802 2464 ἀποδεικνὺς
828 2387 949 2472 τεμένη
978 2397 1051 2464 τοῖς
1072 2381 1198 2470 μήπω

150 2493 257 2576 τιμῶν
293 2489 501 2576 τνγχάνονσι
538 2500 649 2578 θεοῖς,
685 2491 831 2572 πολλοὺς
869 2491 908 2560 δὲ
943 2488 1080 2579 βωμοὺς
1111 2488 1157 2556 καλ

151 2593 256 2675 ναοὺς
279 2595 482 2683 ἱδρυόμενος
506 2598 622 2684 ἕορτάς
644 2625 680 2666 τε
704 2596 830 2691 ἕκάστφ
854 2595 968 2667 αὐτῶν
990 2597 1158 2684 ἀπονέμων

152 2702 208 2769 καὶ
244 2699 324 2781 τοὺς
365 2702 671 2792 ἐπιμελησομένους
711 2703 824 2774 αὐτῶν
866 2709 968 2792 ίερεῖς
1009 2699 1159 2778 καθιστὰς

153 2805 289 2894 ἁγνείας
311 2835 347 2877 τε
369 2810 425 2877 καὶ
449 2816 632 2902 θρησκείας
653 2813 710 2880 καὶ
733 2809 932 2900 καθαρμοὺς
954 2813 1010 2879 καὶ
1033 2809 1089 2890 τὰς
1110 2807 1159 2875 ἀλ-

113 2944 140 2986 25
153 2922 214 2994 λας
244 2920 425 3003 θεραπείας
461 2917 517 2984 καὶ
548 2916 645 3006 τιμάς
676 2916 768 2987 πάνν
799 2917 924 2998 πολλὰς
961 2919 1159 3006 νομοθετῶν,

154 3020 235 3101 ὅσας
259 3021 337 3090 οὔθ’
355 3021 511 3110 Ἑλληνίς
535 3021 612 3092 οὔτε
636 3024 806 3112 βάρβαρος
830 3031 896 3113 ἔχει
918 3023 1016 3105 πόλις
1036 3021 1107 3094 οὐδ’
1129 3023 1161 3090 αί

9 3145 12 3150 “
114 3132 135 3197 3
154 3131 311 3216 μέγιστον
336 3127 387 3199 ἐπ’
413 3127 567 3222 εὐσεβείᾳ
585 3135 779 3219 φρονοῦσαί
798 3154 890 3201 ποτε·
919 3128 1025 3200 αὐτόν
1048 3159 1083 3202 τε
1103 3128 1185 3197 τὸνεῖ

149 3233 321 3323 Ῥωμύλον
351 3233 397 3314 ὡς
422 3241 596 3322 κρείττονα
624 3237 812 3326 γενόμενον
841 3235 862 3327 ἢ
890 3237 974 3308 κατὰ
1001 3237 1064 3327 τὴν
1086 3247 1159 3320 θνη-

226 3387 300 3447 2ἀν
319 3392 690 3477 δε1,Βῖ1σλιΘΙρε,Μείοε1(θ
770 3395 841 3452 6τά
865 3401 964 3455 om.A
1037 3393 1158 3454 θέκατέ-

157 3481 213 3528 ρων
227 3463 252 3516 A
308 3468 340 3515 12
360 3457 532 3531 ἀναγραφὴν
546 3463 687 3536 Kiessling
705 3465 822 3539 γραφὴν
836 3471 859 3524 Ο
915 3475 950 3525 24
964 3467 1159 3541 θρηισκείαςλ
