2408 3928
127 219 236 285 262·
551 219 717 272 -Β-

126 378 243 465 πόλιν,
267 377 351 470 πρὸς
372 393 444 460 τοῖς
466 378 582 460 ἀλλοις
604 351 757 448 έλάττοσι
779 377 821 448 τά
843 380 983 467 μέγιστα
1005 379 1058 446 καὶ
1076 405 1126 465 φα-

127 485 297 575 νερωτατα
320 487 412 555 ταῦτ’
438 478 491 573 ήν.
569 511 574 518 ·
630 551 633 556 .

216 595 382 664 ΙιΧΧΠΙΙ.
423 592 470 662 T&
499 590 532 661 δ’
558 599 606 690 είς
633 592 802 664 εύτέλειάν
831 593 945 661 τεκαὶ
969 590 1129 680 σωφροσύ-
1191 577 1193 658 λ

127 726 192 787 νην
215 698 342 787 ἀγοντα
363 699 424 770 τὸν
444 699 587 770 ἑκάστου
604 705 682 788 βίον
704 701 760 770 καὶ
779 704 827 780 είς
845 701 1032 786 ἐπιθυμίαν
1049 725 1130 767 κατα·
1192 709 1193 764 λ

86 835 100 876 ε
128 807 296 894 στήσαντα
318 811 377 895 τῇς
399 807 633 895 φυλαττούσης
659 810 697 877 έν
719 806 863 898 ὁμονοίᾳ
885 805 948 894 τήν
971 804 1071 874 πόλιν
1091 809 1130 872 δι-

126 913 308 1002 καιοσύνης
339 923 477 984 πλείστα
510 913 588 1001 ὅσα,
626 913 667 983 τά
698 915 762 1003 μὲν
798 913 982 1004 ἐγγράφοις
1013 921 1132 1001 περιλη-

126 1022 259 1104 φθέντα
286 1020 420 1108 νόμοις,
447 1021 488 1090 τά
518 1018 549 1091 δ’
581 1024 642 1104 ἐξω
659 1025 808 1110 ’γραφῆς
840 1026 888 1101 είς
919 1020 1133 1110 ἐπιτηδεύσεις

126 1122 276 1213 ἀχθέντα
300 1130 356 1198 καὶ
383 1128 609 1215 συνασκήσεις
634 1135 808 1217 χρονίους·
844 1124 930 1212 ὑπὲρ
962 1119 1012 1196 ἀν
1043 1125 1133 1196 ἀπάν-

125 1260 194 1303 των
222 1233 283 1321 μὲν
311 1233 398 1304 πολὺ
425 1231 469 1304 ἀν
499 1241 601 1325 ἔργον
628 1245 679 1322 είη
706 1236 833 1323 λέγειν,
856 1233 990 1322 ἀρκέσει
1020 1236 1060 1306 δέ
1073 1235 1133 1304 δύο

86 1368 112 1409 ιο
126 1339 165 1409 τά
194 1347 350 1428 μεγίστης
376 1341 508 1430 μνήμης
541 1341 687 1431 τυχόντα
718 1335 880 1430 τεκμήρια
908 1345 964 1412 καὶ
987 1346 1059 1412 τῶν
1084 1341 1166 1410 ἀλ-ειι

87 1449 197 1516 2λων
223 1452 398 1535 γενέσθαι·
436 1454 495 1537 τῇς
521 1450 585 1539 μὲν
612 1447 812 1536 αὐταρκείας
841 1455 897 1519 καὶ
926 1454 989 1519 τοῦ
1016 1451 1136 1537 μηδένα

125 1557 194 1622 τάν
218 1552 405 1643 ἀλλοτρίων
433 1553 656 1645 έπιθνμείνή
685 1558 762 1645 περὶ
788 1543 869 1637 τούς
892 1554 1056 1644 ὁρισμούς
1077 1559 1135 1623 τοῖν
1198 1635 1199 1638 ρ

125 1659 276 1749 κτήσεων
304 1670 501 1752 νομοθεσία.
550 1663 711 1744 κελεύσας
736 1666 803 1753 γάρ
831 1663 958 1754 ἑκάστω
988 1661 1136 1752 περιγρά·

126 1780 187 1849 ναι
214 1766 277 1856 τήν
306 1771 428 1840 ἑαυτοῦ
460 1759 578 1858 κτήσιν
609 1771 666 1838 ιωιλ
698 1774 817 1858 στήσαι
845 1775 967 1851 λίθους
995 1770 1049 1838 ἐπὶ
1076 1782 1137 1848 τοῖς

88 1902 113 1942 ιε
129 1875 222 1965 ὅροις
250 1874 363 1965 ἱερούς
391 1874 565 1958 ἀπέδειξεν
592 1874 691 1964 ὁρίου
714 1874 801 1957 Διὸς
828 1875 907 1957 τοὺς
928 1881 1067 1963 λίθους,
1088 1875 1137 1943 καλ

4 1991 40 2086 ff
74 2033 78 2044 .
126 1990 252 2065 θυσίας
275 1986 389 2065 ἔταξεν
412 1981 527 2065 αύτοίς
549 1986 712 2053 ἐπιτελεῖν
738 1981 888 2076 ἀπανηας
912 1979 1022 2073 ἡμέρᾳ
1043 1984 1136 2071 τακτῇ

127 2087 207 2158 καθ’
233 2091 374 2160 ἕκαστον
397 2088 555 2159 ἐνιαυτὸν
577 2091 630 2159 έπλ
653 2089 715 2159 τὸν
736 2089 842 2159 τύπον
866 2091 1137 2186 συνερχομένους,

128 2197 248 2284 ἑορτήν
270 2200 307 2265 έν
325 2210 396 2277 τοῖς
412 2196 505 2264 πάνυ
522 2203 637 2284 τιμίαν
657 2196 740 2282 [καλ]
760 2195 823 2284 τήν
842 2199 911 2264 τάν
929 2194 1035 2283 ὁρίων
1052 2199 1139 2264 θεῶν

88 2301 108 2366 3
127 2301 425 2392 καταστησάμενος.
453 2302 598 2398 ταύτην
615 2301 774 2392 Ῥωμαῖοι
797 2301 1002 2392 Τερμινάλια
1024 2306 1139 2371 καλού-

88 2433 115 2474 εο
129 2426 185 2476 σιν
212 2411 266 2478 ἐπὶ
293 2413 362 2480 τάν
389 2409 563 2497 τερμόνων
595 2410 651 2478 καὶ
678 2407 758 2490 τούς
785 2409 888 2499 ὅρους
917 2407 1042 2490 αύτούς
1069 2408 1140 2488 ἑνὸς

127 2514 255 2607 ἀλλαγῇ
277 2511 471 2604 ’γράμματος
498 2516 588 2606 παρὰ
617 2514 680 2604 τήν
702 2514 867 2606 ἡμετέραν
895 2515 1070 2586 διάλεκτον
1091 2517 1138 2582 έκ-

128 2624 290 2712 φέροντες
311 2624 468 2710 τέρμινας
492 2623 815 2712 προσαγορεύουσιν.
861 2627 893 2691 εί
922 2624 963 2691 δέ
987 2651 1038 2703 τις
1059 2620 1139 2709 ἀφα·

128 2735 254 2798 νίσειεν
281 2725 302 2817 ῇ
331 2736 489 2818 μεταθείη
520 2729 601 2810 τοὺς
628 2728 745 2817 ὅρους,
774 2727 866 2817 ἱερὸν
891 2731 1181 2818 ένομοθέτησενεει

129 2834 216 2904 εἶναι
239 2839 300 2904 τοῦ
319 2839 404 2905 θεού
427 2835 488 2906 τὸν
510 2835 641 2920 τούτων
663 2863 694 2905 τι
716 2835 1000 2926 διαπραξάμενον,
1024 2839 1079 2905 ἵνα
1094 2838 1138 2920 τῷ

90 2964 116 3006 τε
129 2943 326 3036 βουλομένω
353 2948 497 3013 κτείνειν
525 2943 629 3014 αὐτὸν
657 2941 701 3024 ὡς
729 2943 908 3030 ἱερόσυλον
935 2941 957 3030 ή
980 2969 1016 3010 τε
1038 2939 1139 3030 ἀσφά-

88 3050 201 3119 4λεια
228 3053 285 3118 καὶ
310 3048 349 3120 τὸ
379 3054 519 3143 καθαρῷ
548 3050 731 3139 μιάσματος
759 3047 846 3120 εἶναι
873 3052 993 3139 προσῇ.
1045 3051 1138 3116 τοῦτο

203 3277 390 3336 Ιέλάττωσιν
408 3281 434 3334 A
506 3279 651 3335 θ’τελείαν
670 3283 695 3334 A
766 3275 949 3351 λάγαγύντα
969 3298 992 3336 ο.
1008 3275 1138 3334 Βδοδιείετ

132 3357 165 3407 12
184 3349 305 3424 <αίτία>
323 3346 340 3404 r‘
361 3368 385 3405 ο.
404 3350 507 3405 Reiske
581 3358 614 3405 18
633 3357 696 3413 ταῖς
714 3351 737 3407 0
762 3358 823 3415 τοῖς
840 3351 970 3407 Meineke
993 3352 998 3423 Ι
1023 3349 1071 3405 καλ
1087 3346 1136 3402 del.

131 3421 270 3474 Bflcheler
342 3426 376 3475 19
396 3419 652 3489 καταστησαμένοις
673 3420 719 3475 Ba
790 3428 825 3477 20
844 3417 901 3476 ἀπὸ
920 3421 970 3477 Ab
991 3424 995 3489 Ι
1017 3416 1137 3489 αύτῇςΒ

133 3495 167 3542 22
186 3496 318 3558 τερμῑνας
336 3491 361 3542 Α
434 3494 469 3542 25
488 3480 506 3558 ἦ
525 3508 554 3543 τε
576 3508 599 3544 ο.
617 3491 720 3546 Reiske
793 3499 827 3547 26
846 3488 891 3563 τὸ]
911 3495 949 3566 τῇ)
969 3492 1016 3548 Ba
