2408 3928
467 226 632 281 -B-
776 167 778 172 Ι
989 222 1067 332 265.

59 383 239 474 ἀμαρτύρου
265 385 541 474 συναλλάγματος
567 383 757 473 ἀμφίλογόν
784 411 816 454 τι
843 387 976 471 γένοιτο
1005 387 1057 456 ἑνὶ

56 490 128 580 πρὸς
157 494 230 580 ἕνα,
266 491 290 581 ἡ
326 497 505 582 διαιροῦσα
540 490 579 563 τὸ
617 506 728 573 νελκος
763 492 819 561 καί
856 494 1056 582 προσωτέρω

56 612 163 686 χωρείν
195 596 256 670 ούκ
287 602 377 670 ἐῶσα
411 599 472 680 τάς
507 606 715 687 φιλονεικίας
750 597 771 687 ἡ
802 601 951 687 θατέρου
987 605 1057 670 τῶν

56 709 328 797 διαδικαζομένων
351 703 464 776 αύτῶν
487 712 596 788 πίστις
618 698 677 795 ἦν,
701 710 739 774 αἵ
757 732 793 775 τε
815 705 915 796 ἀρχαί
937 707 998 776 καὶ·
1015 705 1056 776 τά

57 813 240 903 δικαστήρια
265 812 306 884 τ’ἀι
333 822 472 884 πλείστα
498 815 567 883 τῶν
594 811 905 903 ἀμφισβητημάτων
926 827 997 895 τοῖς
1020 817 1084 884 ἐκε

55 911 261 1007 τῆρ’πίστεως
284 919 398 1011 ὅρκοις
425 919 559 1012 διῄτων.
604 925 743 990 τοιαῦτα
766 921 828 1008 μὲν
856 918 900 1008 δὴ
924 927 1097 1008 σωφρο-4

55 1027 145 1116 σύνης
166 1055 203 1098 τε
225 1026 452 1118 παρακλητικὰ
475 1029 531 1096 καὶ
559 1029 778 1115 δικαιοσύνης
804 1026 1057 1115 ἀναγκαστήρια

55 1130 196 1205 ἀπὸτοῦ
220 1135 322 1225 Νόμα
349 1135 423 1205 τότε
452 1136 671 1223 ἐξευρεθέντα
698 1136 927 1223 κοσμιωτέραν
951 1138 1058 1213 οἰκίας

54 1243 100 1326 τῆς
123 1241 284 1330 κράτιστα
312 1243 511 1331 οἰκουμένης
537 1239 599 1329 τὴν
618 1240 792 1329 Ῥωμαίων
817 1240 918 1312 πόλιν
945 1238 1057 1328 ἀπειρ-
1183 1269 1184 1272 ’

56 1346 173 1430 γάσατο.
517 1411 523 1420 .
558 1379 565 1392 ·
732 1423 738 1434 ‚
1072 1376 1098 1420 ιο

128 1457 276 1524 LXXVI.
303 1452 346 1524 “A
369 1455 407 1525 δὲ
430 1459 539 1546 μέλλω
563 1460 630 1525 νῦν
641 1457 762 1543 λέγειν
785 1457 923 1543 ἐπιμελῆ
941 1481 976 1522 τε
1000 1452 1057 1522 αύ-

54 1557 105 1647 τὴν
125 1561 279 1632 ἀπέδωκε
306 1567 375 1632 τῶν
399 1560 596 1650 Ιἀναγκαίων
624 1565 772 1632 καὶτῶν
795 1561 938 1650 ἀγαθῶν
962 1559 1057 1649 ἐργά-

53 1693 105 1736 τιν.
149 1669 406 1758 ἐνθυμούμενος
433 1668 497 1756 γὰρ
527 1667 545 1738 δ
570 1667 672 1756 ἀνήρ,
700 1667 752 1738 ὅτι
773 1667 874 1738 πόλιν
896 1667 959 1755 την
982 1670 1057 1755 μέλ-

54 1780 166 1847 λουσαν
186 1775 373 1864 ἀγαπήσειν
397 1773 436 1844 τά
456 1779 569 1844 δίκαια
587 1777 643 1844 καὶ
657 1788 772 1864 μενείν
786 1777 824 1844 ἐν
841 1779 887 1869 τῷ
903 1773 1058 1864 σώφρονι

54 1884 105 1972 βίφ
139 1887 198 1971 τῆς
234 1880 421 1970 ἀναγκαίου
458 1885 513 1950 δεί
547 1888 707 1970 χορηγίας
743 1880 917 1970 εὐπορεῖν,
955 1886 1057 1950 διεῖλε
1071 1907 1097 1950 ιε

19 1986 111 2074 ιιιτὴυ
133 1988 248 2078 χάραν
271 1988 406 2058 ἅπασαν
429 1993 477 2070 είς
495 1988 578 2069 τοὺς
599 1991 829 2079 καλουμένους
850 1990 980 2074 πάγους
1002 1987 1058 2056 καλ

56 2096 243 2184 κατέστησεν
271 2093 325 2184 ἐφ’
352 2095 493 2166 ἐκάστον
521 2099 590 2166 τάν
617 2095 735 2184 πάγων
758 2094 905 2184 ἀργοντα
929 2095 1058 2162 ἐπίσκο-

54 2200 108 2270 τόν
133 2229 168 2272 τε
195 2204 251 2272 καὶ
279 2209 463 2299 περίπολον
490 2206 549 2291 τῆς
577 2206 666 2283 ἰδίας
693 2207 821 2290 μοίρας.
872 2191 966 2303 οὗτοι
994 2197 1098 2286 γάρ2

55 2309 229 2396 περιιόντες
250 2309 382 2398 θαμινὰ
405 2309 485 2390 τοὺς
508 2303 545 2379 εύ
564 2337 599 2378 τε
617 2310 673 2378 καὶ
691 2311 801 2390 κακῶς
819 2306 1066 2396 εἰργασμένουςΙ

54 2419 111 2484 τάν
137 2415 252 2507 ἀγρῶν
281 2416 516 2506 ἀπεγράφοντο
545 2418 602 2485 καὶ
630 2416 715 2504 πρὸς
737 2413 797 2483 τὸν
819 2414 958 2502 βασιλέα
981 2409 1058 2482 ἀπέ-
1073 2445 1099 2484 ιο

55 2547 185 2611 φαιυον,
213 2522 233 2593 δ
258 2524 295 2592 δὲ
322 2522 401 2606 τοὺς
428 2524 490 2613 μέν
519 2526 685 2612 ἐπιμελεῖς
710 2520 883 2612 γεωργούς
909 2522 1059 2601 ἐπαίνοις

54 2633 158 2700 τεκαὶ
189 2637 464 2718 φιλανθρωπίαις
495 2628 720 2718 ἀνελάμβανε,
752 2626 832 2709 τοὺς
864 2627 902 2697 δὲ
931 2625 1059 2715 ἀργούς

56 2736 239 2826 [γεωργοὺς]
260 2736 435 2821 ὀνειδίζων
454 2738 564 2806 τεκαὶ
584 2721 707 2825 ζημιῶν
726 2735 779 2804 ἐπὶ
797 2733 837 2804 τὸ
853 2735 1057 2822 θεραπεύειν

55 2838 184 2928 ἀμεινων
206 2843 269 2933 τὴν
292 2848 358 2932 γῆν
381 2843 614 2932 προύτρέπετο.
654 2841 825 2932 τοιγάρτοι
844 2843 1000 2930 πολέμιον
1023 2859 1071 2909 τε

55 2944 293 3040 ἀπηλλαγμένοι
324 2952 381 3019 καὶ
407 2956 476 3020 τιόν
507 2949 591 3019 κατὰ
622 2948 723 3018 πόλιν
750 2946 954 3036 πραγμάτων
983 2967 1057 3035 σχο-
1072 2976 1099 3017 ιε

55 3053 109 3143 λην
130 3057 272 3150 πολλὴνΙ
287 3057 426 3146 ἀγοντες
454 3057 574 3145 ἀργίας
599 3083 635 3126 τε
661 3055 718 3125 καὶ
745 3059 901 3143 βλακείας
924 3051 988 3123 σὺν
1012 3055 1059 3121 αἶ-

116 3296 133 3345 4
150 3287 345 3360 δικαζομένων
364 3288 452 3345 Cobet
471 3289 537 3344 Obs.
561 3307 589 3360 p.
608 3293 643 3344 ὅθ
715 3294 731 3343 6
751 3288 905 3354 διητωντο·
924 3284 1016 3338 ταῦτα
1035 3284 1057 3337 Β

58 3357 165 3430 διήκων·
184 3362 276 3416 ταῦτα
294 3360 320 3414 R
338 3365 408 3416 οὸιι.
428 3359 571 3430 Kiessling
644 3365 676 3414 12
696 3353 819 3428 ἐργάτην
836 3356 884 3410 Ra,
956 3359 991 3409 14
1009 3353 1058 3424 με’-

57 3448 108 3486 νειν
126 3433 147 3489 0
167 3449 236 3488 corr.
251 3431 395 3502 Kieselin‘g
454 3438 487 3487 19
506 3427 653 3502 περιόντες
666 3430 711 3484 Bb
766 3434 801 3483 20
819 3421 1058 3496 ἀπεγράφοντοΒ

59 3505 86 3555 λθ
102 3499 240 3575 γεωργούς
259 3503 314 3558 del.
330 3503 467 3573 Meineke,
484 3499 623 3571 Biicheler
694 3505 729 3554 24
747 3492 957 3568 προύτρέποντο
975 3497 1021 3551 Ba
