2408 3928
164 238 231 303 294
588 267 623 277 -
661 238 757 291 Γ·

162 396 378 467 κινδυνεύειν
413 393 473 477 τὰς
512 395 628 476 πόλεις
669 393 784 484 ὀρθῶς
821 393 972 483 ἐνόμιζεν
1010 398 1155 482 εἰρῆσθαι,
1188 485 1189 488 ¹

161 505 301 596 περὶδδ
323 507 382 592 τής
405 503 456 572 ἑνί
480 501 565 592 πρὸς
588 504 649 572 ἕνα
670 502 778 592 μάχης
800 505 973 592 διεφέρετο
992 503 1094 588 λέγων
1114 499 1189 572 Iam

164 627 237 694 τοίς
273 611 335 701 μέν
371 609 575 699 ἡγουμένοις
605 613 674 680 τῶν
706 612 943 699 στρατοπέδων
976 608 1057 679 ὅταν
1086 612 1156 677 ἰδίαν

162 717 471 801 κατασκευάζωνται
514 721 718 788 δυναστείαν
762 716 866 799 καλὸς
904 719 961 787 καὶ
1002 713 1157 804 ἀναγκαῖός

123 854 136 896 ε
164 829 255 896 ἐστιν
286 823 304 895 ὁ
335 826 412 914 περὶ
441 827 500 912 τῆς
529 823 633 914 ἀρχῆς
661 824 748 913 πρὸς
777 823 944 913 ἀλλήλους
974 822 1080 911 ἀράν,
1105 836 1157 901 ταῖς

164 932 202 1002 δέ
228 931 369 1002 πόλεσιν
393 928 509 1013 αύταίς
537 929 675 1002 έπειδάν
702 930 786 1020 ὑπὲρ
814 934 885 1000 τοῖν
912 935 1085 1020 πρωτείων
1105 933 1157 998 δια·

163 1042 335 1130 φέρωνται
369 1037 455 1127 πρὸς
491 1036 637 1127 ἀλλήλας
675 1037 716 1107 ού
749 1038 858 1127 μόνον
895 1036 1064 1126 σφαλερὸς
1095 1034 1157 1104 ἀλλὰ

162 1147 218 1215 καί
247 1143 385 1236 αίσχρδς
413 1144 431 1214 ὁ
461 1143 517 1214 διά
547 1151 755 1234 μονομαχίας
780 1149 960 1232 κίνδυνος,
987 1144 1048 1214 έάν
1069 1171 1100 1213 τε
1117 1146 1157 1228 τής

145 1239 353 1343 ’κρείττονος
393 1252 563 1341 λάβωνται
604 1251 706 1342 τύχης
747 1251 807 1348 έάν
848 1279 884 1322 τε
923 1256 985 1341 τῆς
1025 1256 1156 1339 χείρονος.

122 1334 251 1462 (βοτρείς
288 1360 327 1429 δὲ
368 1358 496 1451 ἄνδρας
533 1361 725 1440 ἐπιλέκτους
766 1357 827 1447 ἀφ’
863 1360 1023 1447 ἑκατέρας
1057 1357 1158 1434 πόλεως

163 1467 411 1554 συνεβούλευεν
443 1465 508 1537 ὑπὸ
540 1465 604 1555 τήν
636 1464 797 1536 ἁπάντων
831 1464 913 1549 ὄψιν
943 1463 1112 1553 Ἀλβανῶν
1136 1487 1157 1530 τι
1188 1547 1189 1558 ρ

162 1574 218 1642 καὶ
236 1571 412 1662 Ῥωμαίων
435 1577 717 1661 διαγωνίσασθαι.
756 1572 1032 1661 ἐπιτηδειότατον
1054 1571 1112 1660 γάρ
1130 1567 1158 1636 εἷ.-
1188 1559 1189 1564 ¹

162 1707 220 1748 ναι
242 1679 344 1750 τόνδε
366 1679 427 1750 τὸν
450 1679 602 1769 ἀριθμὸν
631 1685 679 1761 είς
700 1678 835 1750 ἅπασαν
858 1679 1159 1768 ἀμφισβητουμένου

162 1784 355 1914 πράγματος
387 1789 554 1874 διαίρεσιν
586 1785 695 1914 ἀρχήν
726 1813 761 1856 τε
793 1787 850 1855 καὶ
878 1789 962 1874 μέσα
991 1788 1049 1856 καί
1074 1792 1160 1854 τελευ

123 1917 149 1960 ιε
162 1890 225 1979 τήν
251 1897 370 1979 ἔχοντα
393 1894 472 1962 ἐν’
455 1918 572 1986 εαυτφ.
594 1892 716 1982 ταύτῃ
735 1894 982 1981 προσθεμένων
1006 1897 1048 1984 τή
1066 1889 1160 2020 γνύμη

156 1997 330 2088 Ῥωμαίων
352 2001 462 2068 τεκαὶ
481 1961 700 2087 Ἀλβανων”
680 2027 698 2068 ο
722 2025 757 2068 τε
776 1999 942 2087 σύλλογος
960 1999 1103 2084 διελύθη
1120 1995 1160 2064 καὶ

161 2107 215 2174 ἐπὶ
237 2106 317 2186 τούς
341 2103 492 2186 ίίδους’
473 2106 624 2196 απήεσαν
648 2106 799 2195 ἑκάτεροι
822 2107 977 2196 χάρακας.
1187 2111 1188 2136 ¹

250 2215 342 2282 XIII.
368 2211 507 2282 Ἔπειτα
536 2216 737 2295 καλέσαντες
764 2219 812 2294 είς
839 2216 1020 2302 ἐκκλησίαν
1043 2212 1160 2293 τάςδν

161 2318 279 2407 νάμεις
306 2317 499 2407 ἀμφοτέρας
525 2323 561 2388 οί
587 2321 766 2410 στρατηγοὶ
794 2317 1030 2407 διεξήλθον”
1006 2348 1029 2388 α
1059 2345 1093 2388 τε
1112 2320 1160 2382 διε-

122 2450 149 2492 το
162 2427 334 2514 λέχθησαν
358 2423 455 2494 αὐτοὶ
477 2423 561 2514 πρὸς
584 2423 752 2513 ἀλλήλους
770 2428 826 2494 καὶ
849 2424 903 2513 ἐφ’
926 2420 977 2506 οἷς
996 2427 1160 2495 συνέθεντο

160 2531 416 2603 καταλύσασθαι
443 2531 504 2602 τὸν
532 2531 690 2620 πόλεμον.
737 2531 1021 2622 ἐπικυρωσάντων
1050 2532 1087 2601 δὲ
1110 2533 1161 2598 τάν

162 2639 419 2727 στρατευμάτων
461 2637 662 2728 ἀμφοτέρων
702 2637 786 2708 κατὰ
822 2637 951 2727 πολλήν
995 2637 1187 2768 εύδόκησινυρ

161 2743 220 2825 τάς
242 2772 311 2814 των
335 2765 531 2833 στρατηγων
555 2743 751 2834 ὁμολογίας,
773 2745 954 2834 θαυμαστή
978 2743 1061 2835 μετὰ
1081 2767 1187 2813 τουτο

161 2865 289 2940 κατεῖχε
317 2857 472 2940 φιλοτιμί
469 2879 491 2920 α
457 2853 573 2921 ίκαὶ
602 2850 767 2941 λοχαγούς
794 2854 849 2921 καί
876 2853 1080 2984 στρατιώτας
1099 2855 1161 2918 πολ-

123 2962 233 3029 τελῶν
260 2959 352 3027 πάνυ
378 2962 677 3048 προθυμουμένων
705 2958 1008 3045 ἐξενέγκασθαι
972 2987 1014 3029 τα
1039 2962 1096 3046 τῆς
1115 2952 1161 3043 μί-

162 3093 223 3156 χης
245 3064 395 3156 ἀριστεῖα
418 3067 473 3134 καὶ
497 3065 539 3135 ού
562 3066 652 3158 λόγῳ
672 3066 933 3149 σπουδαζόντων
952 3065 1072 3154 μόνον,
1094 3057 1160 3131 ἀλλά

160 3174 217 3242 καὶ
255 3179 341 3264 έρμφ
379 3179 571 3261 φιλοτιμίας
611 3170 927 3261 ἀποδεικνυμένων,
968 3170 1051 3243 ὥστε
1085 3176 1150 3259 χαλε
1139 3192 1161 3233 ε·

234 3371 250 3418 2
275 3359 331 3435 ἕνλ]
356 3359 421 3425 ἕνδς
445 3381 467 3418 ο.
492 3363 582 3420 Cobet
605 3367 713 3436 Obs.p
716 3373 781 3424 ,62
861 3373 878 3422 ὅ
902 3363 979 3422 ἐστιν
1003 3365 1025 3420 Β
1053 3361 1186 3448 ἔσταιΡι

165 3440 198 3487 13
217 3429 302 3488 τόνδε
322 3450 377 3489 om.
395 3428 612 3502 ΒΙάτιασανΒ
635 3437 776 3494 πάσανΕ
852 3444 925 3508 14μ
927 3438 993 3494 έσον
1015 3455 1038 3493 ο.
1057 3415 1186 3508 Sylburg

165 3501 405 3572 παραθεμένου
424 3503 449 3555 Α
521 3509 555 3558 2⁷
574 3509 780 3578 φιλοτιμίανο.
799 3459 937 3564 Bucheler
