2408 3928
554 213 719 266 ..Β-

129 374 236 464 σχύνη
258 355 408 455 τίνοντες
436 377 543 453 δίκας1
557 371 741 460 αύτουργολ
768 371 889 453 πάντες
912 373 1060 459 ἐγίνοντο
1081 370 1125 436 καὶ
1190 393 1191 442 ι

127 482 189 551 τὸν
208 483 245 568 ἐκ
261 485 323 569 γῆς
336 485 485 550 πλοῦτον
503 477 663 548 ἀπάντων
682 477 764 548 ὄντα
780 478 962 575 [πλούτων]
979 476 1127 554 δικαιότα-

127 615 188 658 τον
210 593 271 677 τῆς
292 591 530 678 στρατιωτικῆς
551 588 607 656 καὶ
627 573 690 656 ούκ
713 587 853 674 ἐχούσης
875 584 914 654 τὸ
933 586 1069 673 βέβαιον
1085 581 1127 652 εύ

88 699 247 785 3πορίας
269 695 476 784 γλυκύτερον
498 695 660 764 ἐτίθεντο.
705 697 750 787 τῷ
779 693 818 763 δὲ
840 691 944 783 Νόμᾳ
966 693 1129 781 περιῆνέκ

86 828 101 872 ο
128 805 257 872 τούτων
289 810 465 890 φιλεῖσθαι
496 801 559 890 μὲν
590 799 657 870 ὑπὸ
689 805 758 870 τῶν
790 797 1004 889 ἀρχομένων,
1032 801 1129 886 ζηλού
1192 805 1193 808 ’

129 919 211 978 σθαι
240 907 272 976 δ’
297 906 364 977 ὑπὸ
390 912 460 978 τῶν
486 914 682 997 περιοίκων,
714 907 989 996 μνημονεύεσθαι
1011 905 1044 974 δ’
1070 897 1162 975 ’ὑπὸιοι
1186 900 1194 990 J

128 1021 195 1098 τῶν
219 1016 476 1103 ἐπιγινομένων·
508 1014 555 1083 δι’
581 1007 632 1084 οἷν
655 1013 732 1084 ούτε
760 1014 876 1095 στάσις
899 1013 1061 1101 ἐμφύλιος
1080 1010 1131 1099 τῆν

128 1122 302 1210 πολιτικὴν
326 1127 445 1191 ἔλυσεν
473 1119 654 1210 ὁμόνοιαν,
685 1120 761 1192 οὔτε
788 1121 934 1210 πόλεμος
956 1117 1133 1205 ἀλλοεθνὴς
1194 1169 1195 1186 .

129 1230 166 1296 ἐκ
200 1233 271 1300 τοῖν
305 1234 491 1318 κρατίστων
527 1229 583 1298 καλ
620 1229 911 1317 θαυμασιωτάτων
947 1226 1009 1314 τῆν
1047 1229 1134 1296 πόλιν
1194 1222 1195 1266 ¹

89 1359 115 1400 10
129 1334 400 1423 ἐπιτηδευμάτων
433 1337 575 1424 ἐκίνησε.
622 1340 798 1410 τοσοῦτον
832 1336 897 1422 γὰρ
929 1333 1076 1421 ἀπέσχον
1108 1335 1136 1400 οί

127 1447 290 1530 περίοικοι
320 1440 381 1530 τῆν
412 1440 584 1532 ἀπόλεμον
611 1441 756 1531 ἡσυχίαν
779 1440 952 1529 Ῥωμαίων
985 1439 1134 1529 ἀφορμὴν

126 1553 186 1636 τῆς
216 1546 288 1642 κατ’
323 1547 435 1619 αὐτῶν
468 1551 650 1630 ἐπιθέσεως
680 1547 880 1636 ὑπολαβεῖν,
912 1547 996 1617 ὥστε
1029 1547 1084 1617 καλ
1112 1555 1139 1614 εί

127 1681 177 1735 τις
213 1653 328 1736 αὐτοῖς
363 1656 448 1746 πρὸς
489 1655 655 1744 ἀλλήλους
693 1657 836 1743 συνίστη
873 1654 1019 1742 πόλεμος
1057 1658 1136 1723 διαλ-

87 1841 109 1902 4
127 1765 292 1850 λακτῆρας
316 1765 493 1833 ἐποιοῦντο
511 1761 697 1852 Ῥωμαίους
714 1763 771 1832 καὶ
795 1763 848 1831 ἐπὶ
871 1765 1025 1852 διαιτητῇ
1042 1759 1136 1849 Νόμγ

88 1925 114 1967 ¹5
127 1867 186 1947 τὰς
214 1873 339 1958 ἔχθρας
366 1869 519 1938 διαλύειν
545 1867 673 1957 ἠξίουν.
722 1874 846 1940 τοῦτον
874 1861 982 1958 <ούν>
1012 1866 1075 1938 ούκ
1100 1859 1136 1934 ἀύΙ

129 1980 352 2063 αἰσχυνθείην
376 1974 440 2062 ἐγω
463 1976 530 2046 τὸν.
544 1975 659 2065 Ιἀνδρα
681 1982 751 2049 τῶν
774 1975 825 2046 ἐπ’
851 1975 1050 2066 εὐδαιμονία
1075 1979 1137 2043 δια·

127 2084 327 2168 βοηθέντων
355 2085 392 2152 ἐν
419 2096 490 2164 τοῖς
516 2083 661 2174 πρώτοις
687 2095 919 2173 καταριθμεῖν.
966 2084 1088 2171 γένους
1108 2093 1162 2148 ιε’

127 2185 191 2275 γάρ
220 2194 286 2276 ἔφυ
317 2194 490 2276 βασιλείου
521 2193 578 2260 καὶ
610 2195 745 2281 μορφῆς
775 2189 941 2260 ἀπέλαυσε
970 2192 1139 2276 βασιλικῆς

120 2281 285 2382 ,παιδείαν
312 2322 347 2364 τε
375 2294 416 2366 ού
443 2294 506 2385 τὴν
537 2298 612 2385 περὶ
639 2297 763 2386 λόγους
790 2297 958 2386 ἀχρηστον
986 2295 1138 2385 ἤσκησεν,

89 2431 115 2472 εο
128 2397 202 2469 ἀλλ’
229 2404 263 2484 ἐξ
285 2394 325 2490 ῆς
348 2399 500 2491 εύσεβεῖν
523 2409 629 2493 ἐμαθε
650 2405 706 2473 καὶ
729 2403 788 2485 τὰς
810 2403 912 2484 ἄλλας
935 2401 1140 2490 ἐπιτηδεύειν

88 2512 109 2577 5
127 2505 254 2596 ἀρετάς.
296 2508 481 2598 ἡγεμονίαν
501 2511 539 2580 δέ
556 2510 618 2600 τὴν
632 2510 805 2601 Ῥωμαίων
822 2517 1031 2601 παραλαβεῖν
1047 2505 1139 2597 ἠξιω-

127 2623 176 2700 θη
199 2616 275 2696 νέος
298 2609 348 2686 ἀν
376 2616 458 2686 κατὰ
481 2620 575 2700 κλέος
601 2618 722 2710 ἀρετῆς
748 2617 805 2688 ὑπ’
832 2615 945 2688 αύτων
969 2618 1139 2703 ἐπίκλητος

127 2717 246 2806 ἀχθεὶς
276 2723 331 2791 καὶ
365 2711 525 2795 διετέλεσε
561 2729 777 2813 πειθομένοις
808 2723 940 2794 ἅπαντα
967 2724 1028 2793 τὸν
1059 2729 1180 2811 βίονεοε

127 2840 198 2908 τοῖς
225 2824 423 2917 ἀρχομένοις
454 2830 636 2920 χρώμενος·
667 2830 798 2920 ἡλικίας
830 2830 863 2899 δ’
894 2832 947 2900 ἐπὶ
980 2831 1138 2919 μήκιστον

201 3064 216 3113 1
235 3062 375 3124 τείνοντες
392 3063 416 3117 Β
432 3064 436 3132 Ι
454 3057 581 3132 ἐγίνοντο
598 3064 644 3119 Bb
663 3059 796 3133 ἐγίνοντο
816 3062 841 3116 Β.
912 3069 929 3117 2
947 3056 1077 3116 πλούτων
1091 3060 1138 3114 δε·
1197 3107 1199 3114 ,

128 3129 199 3186 levit
216 3131 367 3204 Kieseling‚
385 3134 509 3188 Reudler
523 3133 614 3189 Τὶτοο.
628 3153 655 3204 p.
670 3138 705 3188 25
777 3140 795 3189 4
813 3129 889 3204 νόμοι
908 3149 962 3188 om.
978 3133 1004 3187 A
1066 3125 1135 3186 ῖθί

128 3193 167 3255 ὧν
196 3202 218 3256 Β
250 3199 290 3256 δι’
314 3197 359 3264 ὃν,
375 3204 402 3257 R
483 3211 517 3260 10
543 3205 678 3260 τοσούτοῖ
762 3212 795 3260 14
823 3188 953 3296 διαίτητῆ
983 3203 1136 3276 Stephanus

121 3273 222 3340 ,διαίτη
238 3273 272 3340 τῆ
293 3275 315 3328 Ο
394 3280 427 3329 15
446 3275 548 3328 τοῦτον
566 3266 622 3334 οὖν,
639 3278 683 3331 vel
706 3272 742 3344 δὴ
766 3277 813 3331 vel
836 3274 889 3346 μὲν
912 3279 948 3346 δη
974 3277 1024 3331 aut
1042 3268 1095 3344 ἀρα
1112 3289 1135 3326 ο.

129 3339 287 3428 ἓωμμοοοο
360 3348 393 3397 18
412 3343 462 3396 καλ
479 3343 502 3395 Β
521 3360 574 3398 om.
594 3347 619 3399 R
635 3346 639 3415 Ι
655 3348 767 3434 μορφῆς
783 3342 849 3401 αἰ.Β
868 3348 980 3434 μορφῆς
998 3365 1028 3401 τε
1048 3342 1073 3402 ἀ.
1089 3342 1134 3414 ΕΙ

130 3411 325 3538 απ<τέχλαυοὸ
332 3414 355 3466 Β
428 3417 461 3466 19
481 3415 615 3468 παιδείαν
633 3435 662 3470 τε
682 3436 748 3471 ουτε
762 3417 866 3487 περλΑ
883 3421 886 3488 Ι
902 3423 1005 3487 λογονς
1023 3415 1136 3486 Stepha-

130 3495 182 3530 nus
216 3499 283 3548 ογον
