2408 3928
129 215 194 280 278
400 313 405 322 Ι
554 217 721 268 -Γ-

128 381 191 445 ποί
213 403 304 456 τινες
330 376 368 443 ἐν
395 387 465 454 τοῖς
494 371 588 462 ὄρεσι
616 376 795 463 λοχῶντες)
823 369 907 443 ὅταν
931 373 969 442 δὲ
992 368 1082 459 ιἰρθή
1102 369 1136 439 τὰ

129 496 250 572 σημεῖα
277 480 445 568 λαβόντας
472 479 555 568 <τά>
584 478 671 550 ὅπλα
698 494 820 569 χωρεῖν
849 477 900 549 ἐπ’
926 477 1050 559 αὐτοὺς
1079 481 1137 546 ἔδει

128 590 256 670 πάντας
282 587 365 658 κατὰ
386 587 507 676 τάχος,
536 581 596 677 (ήν
624 587 663 657 δὲ
690 586 732 658 ού
761 584 868 674 πολλή
896 583 961 674 <ή>
991 587 1045 656 ἐπὶ
1066 583 1172 664 τοὺςιη

129 698 275 786 χάρακας
306 694 372 765 άπὸ
408 695 560 783 Φιδήνης
596 697 749 784 φέρουσα
781 691 877 780 ὁδός,
909 690 984 762 ἀλλ’
1015 687 1136 778 ὅσονή

89 830 102 871 ε
130 805 233 873 δυσὶν
256 803 359 893 ὥραις
380 799 402 892 ή
424 804 537 890 τρισίν
556 801 753 890 ἀνυσθῆναι
774 801 813 871 τὸ
833 800 1062 890 μακρότατον)
1080 802 1138 868 ἐπι

129 913 299 999 φανέντας
322 910 360 979 δέ
381 915 427 1004 τῷ
451 909 560 998 άγύυι
581 911 677 990 τέλος
698 909 765 997 ήδη
789 915 901 997 ἔχοντι
924 907 1038 996 ὥσπερ
1062 904 1140 986 είκὸς

129 1017 236 1105 μηδὲν
259 1015 417 1105 ἡγεῖσθαι
438 1024 567 1105 φίλιον,
590 1014 665 1084 ἀλλ’
687 1014 748 1085 ἐάν
770 1041 805 1084 τε
825 1015 983 1103 ’Λλβαυολ
1005 1018 1139 1084 νικῶσιν

129 1124 190 1192 ἐάν
221 1151 257 1193 τε
279 1123 437 1213 Ῥωμαῖοι
468 1129 611 1194 κτείνειν
643 1122 723 1203 τούς
752 1124 995 1211 κεκρατηκότας
1028 1120 1139 1190 αὐτῶν.

128 1235 233 1299 ταῦτα
254 1223 299 1318 ήν
323 1229 344 1300 ά
368 1233 552 1318 διέγνωστο
575 1228 733 1319 πράττειν
750 1243 822 1310 τοϊς
838 1228 1063 1317 προεστηκόσι
1081 1232 1140 1297 τῶν

130 1336 271 1407 πόλεων.
326 1342 358 1406 εἰ
393 1337 455 1426 μὲν
494 1330 557 1407 οὖν
593 1335 808 1426 θρασύτερον
844 1338 899 1405 ἐπὶ
935 1335 996 1406 τὸν
1034 1335 1141 1423 άγῶυα

129 1442 291 1531 ὥρμησαν
311 1442 469 1533 Ἀλβανολ
486 1443 661 1534 Ῥωμαίων
679 1443 997 1535 καταφρονήσαντες
1013 1445 1073 1511 καλ
1089 1445 1140 1531 μιᾷ

129 1564 243 1636 κρῖναι
266 1551 354 1642 μάχη
378 1550 418 1620 τδι
442 1551 505 1623 ὅλα
528 1554 730 1640 διέγνωσαν,
754 1549 862 1621 οὐθὲν
885 1547 928 1620 διν
951 1548 991 1619 τὸ
1014 1554 1140 1618 κωλῦον

129 1650 173 1744 ήν
200 1658 262 1728 τόν
289 1686 326 1728 τε
357 1661 673 1729 κατασκευασθέντα
701 1659 806 1729 δόλον
835 1655 886 1730 ἐπ’
911 1656 1028 1738 αύτολς
1055 1665 1140 1742 λελη-

128 1767 231 1833 θέναι
252 1768 310 1834 καλ
337 1766 551 1854 διεφθάρθαι
578 1765 619 1836 τά
647 1765 876 1854 στρατεύματα
903 1763 1017 1834 αὐτῶν
1041 1761 1140 1851 άμφό-

90 1903 116 1945 15
129 1893 221 1959 τερα·
258 1875 325 1940 νῦν
359 1871 397 1940 δὲ
429 1868 450 1958 ή
489 1871 643 1963 διατριβή
676 1877 738 1941 τοῦ
773 1873 923 1960 πολέμου
952 1870 1141 1958 Ὶπαράδοξος

129 1975 232 2046 άπασι
259 1980 426 2066 γενομένη
457 1980 515 2047 καὶ
544 1977 562 2049 ὁ
590 1977 714 2069 χρόνος
741 1981 778 2048 ἐν
806 1969 833 2073 ᾧ
860 1977 1139 2067 παρεσκευάζοντο

129 2083 234 2165 πολύς
270 2087 490 2173 ἐφελκυσθεὶς
532 2087 660 2174 διέχεεν
701 2084 814 2154 αὐτῶν
849 2082 890 2154 τδι
926 2085 1140 2172 βουλεύματα.

129 2191 285 2283 τῶνγὰρ
313 2195 349 2262 ἐκ
376 2196 434 2280 τῆς
464 2182 679 2281 συνωμοσίας
700 2195 803 2281 τινές,
826 2201 892 2262 είτε
914 2197 1024 2261 οἰκεῖα
1044 2193 1138 2278 κέρδη

128 2301 372 2388 περιβαλέσθαι
396 2303 568 2387 ζητοῦντες
591 2308 657 2368 είτε
684 2312 755 2379 τοῖς
776 2299 1057 2387 κορυφαιοτάτοις
1077 2302 1139 2366 τῶν

90 2437 116 2477 ιο
131 2407 303 2495 σφετέρων
334 2406 391 2474 καὶ
423 2404 462 2474 τὸ
496 2411 595 2495 ἔργον
628 2407 906 2495 εἰσηγησαμένοις
934 2409 1140 2494 φθονοῦντες

130 2522 195 2583 είτε
223 2513 372 2602 μήνυσιν
400 2514 523 2602 ἑτέρων
554 2512 718 2600 δεδιότες,
751 2511 771 2581 δ
797 2541 829 2582 τι
856 2520 995 2593 πολλοῖς
1022 2513 1138 2598 συνέβη

130 2629 254 2689 παθεῖν
291 2622 329 2689 έν
369 2634 441 2701 ταῖς
477 2619 762 2706 πολυανθρώποις
798 2621 856 2689 καί
896 2621 1140 2708 χρονιζομέναις

25 2799 28 2806 ,
131 2734 373 2815 συνωμοσίαις,
401 2737 467 2798 είτε
494 2725 561 2798 ὑπὸ
589 2732 688 2808 θείας
714 2725 981 2814 ἀναγκαζόμενοι
1007 2724 1177 2813 γνάμηςιιο

131 2831 193 2902 ούλ
220 2831 378 2922 ἀξιούσης
406 2840 506 2927 έργον
533 2833 677 2904 άνόσιον
705 2839 753 2914 είς
782 2831 916 2921 εὐτυχὲς
938 2837 1137 2919 κατασκήψαι

87 2967 117 3010 εε
130 2941 225 3021 τέλος
248 2941 394 3027 μηνυταὶ
416 2947 570 3028 γίνονται
593 2954 664 3022 τοῖς
685 2944 858 3028 πολεμίοις
879 2943 941 3009 τού
965 2940 1077 3010 δόλου.

204 3107 220 3156 2
239 3094 315 3158 ὅπλα
333 3101 387 3155 ΑΒ
405 3095 439 3155 τά
459 3101 523 3155 εδδ.
539 3099 634 3186 'Cobet
646 3100 710 3156 Obs.
724 3118 753 3171 p.
768 3105 802 3156 ⁶8
819 3100 823 3172 Ι
841 3097 899 3156 ἔδει
917 3100 973 3156 del.
989 3099 1074 3156 cobet
1088 3095 1135 3150 λλ

131 3203 418 3275 mamaeam
461 3176 673 3276 ιφεῖιηιηςε
740 3207 813 3275 ειε
833 3223 887 3262 om.
907 3207 984 3261 BaR
1043 3211 1073 3260 ιι
1088 3221 1134 3256 τι·

131 3273 200 3330 λύον
218 3277 271 3330 AB
303 3277 430 3330 κωλῦσον
457 3276 580 3332 Reudler
607 3276 698 3333 Τίτου.
726 3294 754 3346 p.
779 3283 824 3332 26.
896 3283 930 3332 17
954 3271 1136 3347 άφελκυιθεὶε

131 3359 203 3400 corr.
221 3344 334 3413 Reiske,
356 3346 564 3413 παρελκυσθελς
587 3346 677 3402 Cobet
700 3346 767 3402 obs.
792 3365 821 3418 p.
840 3354 874 3403 58
952 3353 987 3402 22
1006 3338 1135 3417 χρονιζού-

133 3430 198 3475 σαις
215 3433 238 3469 ο.
257 3414 360 3469 Reiske
432 3420 466 3468 23
484 3410 541 3469 ύιτό
560 3418 646 3480 θείας
669 3415 759 3473 cobet
776 3417 880 3475 Mnem.
899 3417 938 3472 IX
960 3436 989 3488 p.
1008 3423 1059 3475 819
1080 3414 1135 3469 Sin-

134 3479 208 3534 'oenis
227 3483 289 3540 Em.
307 3483 388 3539 Dion.
406 3484 433 3538 ΙΙ
451 3501 478 3553 p.
499 3489 515 3538 ὁ
533 3480 590 3539 ύπὸ
609 3485 691 3543 θέσει
711 3488 734 3543 Ο

89 1311 112 1374 4

90 1399 116 1438 10
