<?xml version="1.0" encoding="UTF-8"?>
<!DOCTYPE html PUBLIC "-//W3C//DTD XHTML 1.0 Transitional//EN"
    "http://www.w3.org/TR/xhtml1/DTD/xhtml1-transitional.dtd">
<html xmlns="http://www.w3.org/1999/xhtml" xml:lang="en" lang="en">
 <head>
  <title>
</title>
<meta http-equiv="Content-Type" content="text/html;charset=utf-8" />
  <meta name='ocr-system' content='tesseract 3.04.00' />
  <meta name='ocr-capabilities' content='ocr_page ocr_carea ocr_par ocr_line ocrx_word'/>
</head>
<body>
  <div class='ocr_page' id='page_1' title='image "./antiquitatumrom00jacogoog_0411.png"; bbox 0 0 2404 3918; ppageno 0'>
   <div class='ocr_carea' id='block_1_1' title="bbox 513 277 1101 344">
    <p class='ocr_par' dir='ltr' id='par_1_1' title="bbox 513 277 1101 344">
     <span class='ocr_line' id='line_1_1' title="bbox 513 277 1101 344; baseline 0.007 -4"><span class='ocrx_word' id='word_1_1' title='bbox 513 305 545 316; x_wconf 90' lang='lat'><em>-</em></span> <span class='ocrx_word' id='word_1_2' title='bbox 584 278 678 330; x_wconf 91' lang='grc' dir='ltr'><strong><em>Γ-</em></strong></span> <span class='ocrx_word' id='word_1_3' title='bbox 1035 277 1101 344; x_wconf 85' lang='grc'><strong><em>399</em></strong></span> 
     </span>
    </p>
   </div>
   <div class='ocr_carea' id='block_1_2' title="bbox 24 433 1141 3296">
    <p class='ocr_par' dir='ltr' id='par_1_2' title="bbox 24 433 1141 3296">
     <span class='ocr_line' id='line_1_2' title="bbox 75 433 1101 524; baseline 0.006 -24"><span class='ocrx_word' id='word_1_4' title='bbox 75 437 182 512; x_wconf 89' lang='grc' dir='ltr'><strong><em>σίους</em></strong></span> <span class='ocrx_word' id='word_1_5' title='bbox 214 435 389 521; x_wconf 76' lang='grc' dir='ltr'><em>εἰληφέναι</em></span> <span class='ocrx_word' id='word_1_6' title='bbox 422 437 530 522; x_wconf 87' lang='grc' dir='ltr'><strong><em>λέγων</em></strong></span> <span class='ocrx_word' id='word_1_7' title='bbox 567 433 710 516; x_wconf 77' lang='grc' dir='ltr'><strong><em>οἰωνοὺς</em></strong></span> <span class='ocrx_word' id='word_1_8' title='bbox 741 436 798 504; x_wconf 80' lang='grc' dir='ltr'><strong><em>καὶ</em></strong></span> <span class='ocrx_word' id='word_1_9' title='bbox 831 437 983 524; x_wconf 88' lang='grc' dir='ltr'><strong><em>δυνατήν</em></strong></span> <span class='ocrx_word' id='word_1_10' title='bbox 1014 435 1101 506; x_wconf 80' lang='grc' dir='ltr'><strong><em>εἶναι</em></strong></span> 
     </span>
     <span class='ocr_line' id='line_1_3' title="bbox 73 537 1101 632; baseline 0.007 -25"><span class='ocrx_word' id='word_1_11' title='bbox 73 537 147 626; x_wconf 90' lang='grc' dir='ltr'><strong><em>τήν</em></strong></span> <span class='ocrx_word' id='word_1_12' title='bbox 169 542 292 628; x_wconf 83' lang='grc' dir='ltr'><strong><em>πρᾶξιν</em></strong></span> <span class='ocrx_word' id='word_1_13' title='bbox 315 539 527 630; x_wconf 86' lang='grc' dir='ltr'><strong><em>ἀποφαίνων.</em></strong></span> <span class='ocrx_word' id='word_1_14' title='bbox 572 542 715 628; x_wconf 79' lang='grc' dir='ltr'><em>γελάσας</em></span> <span class='ocrx_word' id='word_1_15' title='bbox 739 540 770 610; x_wconf 89' lang='grc' dir='ltr'><strong><em>δ’</em></strong></span> <span class='ocrx_word' id='word_1_16' title='bbox 795 540 814 611; x_wconf 97' lang='lat'><em>6</em></span> <span class='ocrx_word' id='word_1_17' title='bbox 837 542 1025 632; x_wconf 83' lang='grc' dir='ltr'><strong><em>Ταρκύνιος</em></strong></span> <span class='ocrx_word' id='word_1_18' title='bbox 1048 547 1101 614; x_wconf 78' lang='grc' dir='ltr'><strong><em>ἐπὶ</em></strong></span> 
     </span>
     <span class='ocr_line' id='line_1_4' title="bbox 76 645 1101 741; baseline 0.005 -26"><span class='ocrx_word' id='word_1_19' title='bbox 76 651 130 739; x_wconf 73' lang='grc' dir='ltr'><strong><em>τῷ</em></strong></span> <span class='ocrx_word' id='word_1_20' title='bbox 159 645 249 738; x_wconf 80' lang='grc' dir='ltr'><strong><em>λόγῳ</em></strong></span> <span class='ocrx_word' id='word_1_21' title='bbox 276 649 333 716; x_wconf 79' lang='grc' dir='ltr'><strong><em>καὶ</em></strong></span> <span class='ocrx_word' id='word_1_22' title='bbox 360 652 565 737; x_wconf 77' lang='grc' dir='ltr'><strong><em>προενέγκας</em></strong></span> <span class='ocrx_word' id='word_1_23' title='bbox 592 651 628 717; x_wconf 83' lang='grc' dir='ltr'><strong><em>ἐκ</em></strong></span> <span class='ocrx_word' id='word_1_24' title='bbox 659 654 720 718; x_wconf 83' lang='grc' dir='ltr'><strong><em>τοῦ</em></strong></span> <span class='ocrx_word' id='word_1_25' title='bbox 751 649 880 720; x_wconf 78' lang='grc' dir='ltr'><strong><em>κόλπου</em></strong></span> <span class='ocrx_word' id='word_1_26' title='bbox 912 650 1017 741; x_wconf 81' lang='grc' dir='ltr'><strong><em>ξυρὸν</em></strong></span> <span class='ocrx_word' id='word_1_27' title='bbox 1044 653 1101 720; x_wconf 85' lang='grc' dir='ltr'><strong><em>καὶ</em></strong></span> 
     </span>
     <span class='ocr_line' id='line_1_5' title="bbox 76 748 1101 844; baseline 0.004 -24"><span class='ocrx_word' id='word_1_28' title='bbox 76 751 214 841; x_wconf 82' lang='grc' dir='ltr'><strong><em>ἀκόνην</em></strong></span> <span class='ocrx_word' id='word_1_29' title='bbox 237 756 326 840; x_wconf 90' lang='grc' dir='ltr'><strong><em>λέγει</em></strong></span> <span class='ocrx_word' id='word_1_30' title='bbox 344 753 428 840; x_wconf 86' lang='grc' dir='ltr'><strong><em>πρὸς</em></strong></span> <span class='ocrx_word' id='word_1_31' title='bbox 446 753 563 842; x_wconf 85' lang='grc' dir='ltr'><strong><em>αὐτόν,</em></strong></span> <span class='ocrx_word' id='word_1_32' title='bbox 580 753 761 842; x_wconf 78' lang='grc' dir='ltr'><strong><em>Ἐάλωκας,</em></strong></span> <span class='ocrx_word' id='word_1_33' title='bbox 785 748 811 824; x_wconf 81' lang='grc' dir='ltr'><strong><em>ά</em></strong></span> <span class='ocrx_word' id='word_1_34' title='bbox 830 759 945 844; x_wconf 80' lang='grc' dir='ltr'><em>Νέβιε,</em></span> <span class='ocrx_word' id='word_1_35' title='bbox 965 763 1101 844; x_wconf 83' lang='grc' dir='ltr'><strong><em>φενακί-</em></strong></span> 
     </span>
     <span class='ocr_line' id='line_1_6' title="bbox 80 858 1128 952; baseline 0.007 -25"><span class='ocrx_word' id='word_1_36' title='bbox 80 867 150 942; x_wconf 81' lang='grc' dir='ltr'><strong><em>ζων</em></strong></span> <span class='ocrx_word' id='word_1_37' title='bbox 177 858 266 948; x_wconf 79' lang='grc' dir='ltr'><strong><em>ἡμᾶς</em></strong></span> <span class='ocrx_word' id='word_1_38' title='bbox 297 861 352 929; x_wconf 76' lang='grc' dir='ltr'><strong><em>καὶ</em></strong></span> <span class='ocrx_word' id='word_1_39' title='bbox 384 861 678 950; x_wconf 73' lang='grc' dir='ltr'><strong><em>καταψευδόμενος</em></strong></span> <span class='ocrx_word' id='word_1_40' title='bbox 704 868 765 932; x_wconf 86' lang='grc' dir='ltr'><strong><em>τοῦ</em></strong></span> <span class='ocrx_word' id='word_1_41' title='bbox 794 867 975 952; x_wconf 75' lang='grc' dir='ltr'><strong><em>δαιμονίου</em></strong></span> <span class='ocrx_word' id='word_1_42' title='bbox 1003 891 1128 934; x_wconf 80' lang='grc' dir='ltr'><strong><em>κατα-ε</em></strong></span> 
     </span>
     <span class='ocr_line' id='line_1_7' title="bbox 80 965 1101 1060; baseline 0.006 -25"><span class='ocrx_word' id='word_1_43' title='bbox 80 970 219 1054; x_wconf 78' lang='grc' dir='ltr'><strong><em>φανός,</em></strong></span> <span class='ocrx_word' id='word_1_44' title='bbox 243 965 342 1036; x_wconf 89' lang='grc' dir='ltr'><strong><em>ὁπότε</em></strong></span> <span class='ocrx_word' id='word_1_45' title='bbox 364 968 420 1035; x_wconf 82' lang='grc' dir='ltr'><strong><em>καὶ</em></strong></span> <span class='ocrx_word' id='word_1_46' title='bbox 442 967 501 1049; x_wconf 79' lang='grc' dir='ltr'><strong><em>τὰς</em></strong></span> <span class='ocrx_word' id='word_1_47' title='bbox 522 967 713 1050; x_wconf 75' lang='grc' dir='ltr'><strong><em>ἀδυνάτους</em></strong></span> <span class='ocrx_word' id='word_1_48' title='bbox 740 970 876 1058; x_wconf 84' lang='grc' dir='ltr'><strong><em>πράξεις</em></strong></span> <span class='ocrx_word' id='word_1_49' title='bbox 897 970 1101 1060; x_wconf 81' lang='grc' dir='ltr'><strong><em>τετόλμηκας</em></strong></span> 
     </span>
     <span class='ocr_line' id='line_1_8' title="bbox 80 1067 1099 1170; baseline 0.006 -29"><span class='ocrx_word' id='word_1_50' title='bbox 80 1075 195 1160; x_wconf 90' lang='grc' dir='ltr'><strong><em>λέγειν</em></strong></span> <span class='ocrx_word' id='word_1_51' title='bbox 228 1074 383 1154; x_wconf 90' lang='grc' dir='ltr'><strong><em>δυνατάς.</em></strong></span> <span class='ocrx_word' id='word_1_52' title='bbox 443 1073 539 1162; x_wconf 81' lang='grc' dir='ltr'><strong><em>ἔγωγ’</em></strong></span> <span class='ocrx_word' id='word_1_53' title='bbox 578 1067 642 1145; x_wconf 84' lang='grc' dir='ltr'><strong><em>οὖν</em></strong></span> <span class='ocrx_word' id='word_1_54' title='bbox 675 1077 960 1166; x_wconf 91' lang='grc' dir='ltr'><strong><em>διεμαντευόμην,</em></strong></span> <span class='ocrx_word' id='word_1_55' title='bbox 993 1082 1024 1146; x_wconf 85' lang='grc' dir='ltr'><strong><em>εί</em></strong></span> <span class='ocrx_word' id='word_1_56' title='bbox 1054 1083 1099 1170; x_wconf 75' lang='grc' dir='ltr'><strong><em>τῷ</em></strong></span> 
     </span>
     <span class='ocr_line' id='line_1_9' title="bbox 83 1177 1101 1272; baseline 0.007 -26"><span class='ocrx_word' id='word_1_57' title='bbox 83 1181 173 1271; x_wconf 75' lang='grc' dir='ltr'><strong><em>ξυρῷ</em></strong></span> <span class='ocrx_word' id='word_1_58' title='bbox 196 1183 282 1271; x_wconf 74' lang='grc' dir='ltr'><strong><em>τῷδε</em></strong></span> <span class='ocrx_word' id='word_1_59' title='bbox 304 1178 367 1267; x_wconf 91' lang='grc' dir='ltr'><strong><em>τήν</em></strong></span> <span class='ocrx_word' id='word_1_60' title='bbox 390 1177 520 1269; x_wconf 91' lang='grc' dir='ltr'><strong><em>ἀκόνην</em></strong></span> <span class='ocrx_word' id='word_1_61' title='bbox 542 1181 667 1269; x_wconf 80' lang='grc' dir='ltr'><strong><em>πλήξας</em></strong></span> <span class='ocrx_word' id='word_1_62' title='bbox 690 1185 795 1269; x_wconf 89' lang='grc' dir='ltr'><strong><em>μέσην</em></strong></span> <span class='ocrx_word' id='word_1_63' title='bbox 820 1185 1010 1272; x_wconf 87' lang='grc' dir='ltr'><strong><em>δυνήσομαι</em></strong></span> <span class='ocrx_word' id='word_1_64' title='bbox 1034 1189 1101 1254; x_wconf 88' lang='grc' dir='ltr'><strong><em>διε-</em></strong></span> 
     </span>
     <span class='ocr_line' id='line_1_10' title="bbox 84 1284 1141 1381; baseline 0.004 -27"><span class='ocrx_word' id='word_1_65' title='bbox 84 1294 168 1354; x_wconf 76' lang='grc' dir='ltr'><strong><em>λελυ.</em></strong></span> <span class='ocrx_word' id='word_1_66' title='bbox 206 1288 349 1372; x_wconf 87' lang='grc' dir='ltr'><strong><em>γέλωτος</em></strong></span> <span class='ocrx_word' id='word_1_67' title='bbox 373 1284 405 1354; x_wconf 89' lang='grc' dir='ltr'><strong><em>δ’</em></strong></span> <span class='ocrx_word' id='word_1_68' title='bbox 428 1289 461 1369; x_wconf 81' lang='grc' dir='ltr'><strong><em>ἐξ</em></strong></span> <span class='ocrx_word' id='word_1_69' title='bbox 484 1285 643 1358; x_wconf 81' lang='grc' dir='ltr'><strong><em>ἁπάντων</em></strong></span> <span class='ocrx_word' id='word_1_70' title='bbox 666 1291 854 1377; x_wconf 89' lang='grc' dir='ltr'><strong><em>γενομένου</em></strong></span> <span class='ocrx_word' id='word_1_71' title='bbox 871 1294 939 1359; x_wconf 78' lang='grc' dir='ltr'><strong><em>τῶν</em></strong></span> <span class='ocrx_word' id='word_1_72' title='bbox 962 1293 1039 1381; x_wconf 82' lang='grc' dir='ltr'><strong><em>περὶ</em></strong></span> <span class='ocrx_word' id='word_1_73' title='bbox 1061 1290 1099 1362; x_wconf 87' lang='grc' dir='ltr'><strong><em>τὸ</em></strong></span> <span class='ocrx_word' id='word_1_74' title='bbox 1118 1293 1141 1358; x_wconf 84' lang='grc'>4</span> 
     </span>
     <span class='ocr_line' id='line_1_11' title="bbox 85 1391 1140 1484; baseline 0.005 -25"><span class='ocrx_word' id='word_1_75' title='bbox 85 1395 178 1479; x_wconf 81' lang='grc' dir='ltr'><strong><em>βῆμα</em></strong></span> <span class='ocrx_word' id='word_1_76' title='bbox 205 1391 309 1463; x_wconf 76' lang='grc' dir='ltr'><strong><em>οόθὲν</em></strong></span> <span class='ocrx_word' id='word_1_77' title='bbox 336 1396 572 1484; x_wconf 82' lang='grc' dir='ltr'><strong><em>Ιἐπιταραχθεὶς</em></strong></span> <span class='ocrx_word' id='word_1_78' title='bbox 603 1394 621 1465; x_wconf 92' lang='lat'><em>6</em></span> <span class='ocrx_word' id='word_1_79' title='bbox 651 1397 778 1484; x_wconf 78' lang='grc' dir='ltr'><strong><em>Νέβιος</em></strong></span> <span class='ocrx_word' id='word_1_80' title='bbox 804 1394 870 1466; x_wconf 86' lang='grc' dir='ltr'><strong><em>ὑπὸ</em></strong></span> <span class='ocrx_word' id='word_1_81' title='bbox 900 1402 961 1466; x_wconf 81' lang='grc' dir='ltr'><strong><em>τοῦ</em></strong></span> <span class='ocrx_word' id='word_1_82' title='bbox 988 1408 1099 1467; x_wconf 83' lang='grc' dir='ltr'><strong><em>τωθα-</em></strong></span> <span class='ocrx_word' id='word_1_83' title='bbox 1114 1425 1140 1465; x_wconf 88' lang='lat'><strong><em>10</em></strong></span> 
     </span>
     <span class='ocr_line' id='line_1_12' title="bbox 85 1500 1101 1594; baseline 0.007 -28"><span class='ocrx_word' id='word_1_84' title='bbox 85 1503 174 1586; x_wconf 86' lang='grc' dir='ltr'><strong><em>σμοῦ</em></strong></span> <span class='ocrx_word' id='word_1_85' title='bbox 195 1526 230 1568; x_wconf 91' lang='grc' dir='ltr'><strong><em>τε</em></strong></span> <span class='ocrx_word' id='word_1_86' title='bbox 252 1500 308 1568; x_wconf 79' lang='grc' dir='ltr'><strong><em>καὶ</em></strong></span> <span class='ocrx_word' id='word_1_87' title='bbox 331 1505 392 1570; x_wconf 82' lang='grc' dir='ltr'><strong><em>τοῦ</em></strong></span> <span class='ocrx_word' id='word_1_88' title='bbox 415 1501 588 1590; x_wconf 87' lang='grc' dir='ltr'><strong><em>θορύβου,</em></strong></span> <span class='ocrx_word' id='word_1_89' title='bbox 612 1511 698 1572; x_wconf 82' lang='grc' dir='ltr'><strong><em>Παίε</em></strong></span> <span class='ocrx_word' id='word_1_90' title='bbox 720 1508 878 1593; x_wconf 77' lang='grc' dir='ltr'><strong><em>θαρρῶν,</em></strong></span> <span class='ocrx_word' id='word_1_91' title='bbox 907 1509 987 1592; x_wconf 82' lang='grc' dir='ltr'><strong><em>ἔφη,</em></strong></span> <span class='ocrx_word' id='word_1_92' title='bbox 1016 1511 1101 1594; x_wconf 83' lang='grc' dir='ltr'><strong><em>Ταρ-</em></strong></span> 
     </span>
     <span class='ocr_line' id='line_1_13' title="bbox 81 1604 1099 1701; baseline 0.006 -27"><span class='ocrx_word' id='word_1_93' title='bbox 81 1604 192 1691; x_wconf 80' lang='grc' dir='ltr'><strong><em>κύνιε,</em></strong></span> <span class='ocrx_word' id='word_1_94' title='bbox 214 1604 276 1694; x_wconf 86' lang='grc' dir='ltr'><strong><em>τὴν</em></strong></span> <span class='ocrx_word' id='word_1_95' title='bbox 299 1605 440 1694; x_wconf 82' lang='grc' dir='ltr'><strong><em>ἀκόνην,</em></strong></span> <span class='ocrx_word' id='word_1_96' title='bbox 464 1606 509 1690; x_wconf 79' lang='grc' dir='ltr'><strong><em>ὡς</em></strong></span> <span class='ocrx_word' id='word_1_97' title='bbox 530 1614 690 1699; x_wconf 78' lang='grc' dir='ltr'><strong><em>προαιρῇ·</em></strong></span> <span class='ocrx_word' id='word_1_98' title='bbox 715 1610 968 1698; x_wconf 80' lang='grc' dir='ltr'><strong><em>διαιρεθήσεται</em></strong></span> <span class='ocrx_word' id='word_1_99' title='bbox 990 1611 1055 1701; x_wconf 81' lang='grc' dir='ltr'><strong><em>γὰρ</em></strong></span> <span class='ocrx_word' id='word_1_100' title='bbox 1078 1609 1099 1701; x_wconf 84' lang='grc' dir='ltr'><em>ἢ</em></span> 
     </span>
     <span class='ocr_line' id='line_1_14' title="bbox 80 1710 1100 1806; baseline 0.006 -26"><span class='ocrx_word' id='word_1_101' title='bbox 80 1711 224 1800; x_wconf 79' lang='grc' dir='ltr'><strong><em>πάσχειν</em></strong></span> <span class='ocrx_word' id='word_1_102' title='bbox 253 1710 369 1783; x_wconf 81' lang='grc' dir='ltr'><strong><em>ὁτιοῦν</em></strong></span> <span class='ocrx_word' id='word_1_103' title='bbox 398 1717 529 1803; x_wconf 78' lang='grc' dir='ltr'><strong><em>ἕτοιμος</em></strong></span> <span class='ocrx_word' id='word_1_104' title='bbox 557 1715 629 1803; x_wconf 85' lang='grc' dir='ltr'><strong><em>έγιό.</em></strong></span> <span class='ocrx_word' id='word_1_105' title='bbox 683 1717 864 1804; x_wconf 83' lang='grc' dir='ltr'><strong><em>θαυμάσας</em></strong></span> <span class='ocrx_word' id='word_1_106' title='bbox 893 1718 930 1786; x_wconf 74' lang='grc' dir='ltr'><strong><em>δὲ</em></strong></span> <span class='ocrx_word' id='word_1_107' title='bbox 961 1716 979 1788; x_wconf 92' lang='lat'><em>6</em></span> <span class='ocrx_word' id='word_1_108' title='bbox 1007 1725 1100 1806; x_wconf 87' lang='grc' dir='ltr'><strong><em>βασι-</em></strong></span> 
     </span>
     <span class='ocr_line' id='line_1_15' title="bbox 80 1819 1099 1913; baseline 0.005 -25"><span class='ocrx_word' id='word_1_109' title='bbox 80 1819 161 1901; x_wconf 83' lang='grc' dir='ltr'><strong><em>λεὺς</em></strong></span> <span class='ocrx_word' id='word_1_110' title='bbox 189 1819 226 1889; x_wconf 90' lang='grc' dir='ltr'><strong><em>τὸ</em></strong></span> <span class='ocrx_word' id='word_1_111' title='bbox 255 1820 385 1911; x_wconf 89' lang='grc' dir='ltr'><strong><em>θράσος</em></strong></span> <span class='ocrx_word' id='word_1_112' title='bbox 406 1826 477 1890; x_wconf 85' lang='grc' dir='ltr'><strong><em>τοῦ</em></strong></span> <span class='ocrx_word' id='word_1_113' title='bbox 505 1821 655 1909; x_wconf 88' lang='grc' dir='ltr'><strong><em>μάντεως</em></strong></span> <span class='ocrx_word' id='word_1_114' title='bbox 686 1826 782 1913; x_wconf 81' lang='grc' dir='ltr'><strong><em>φέρει</em></strong></span> <span class='ocrx_word' id='word_1_115' title='bbox 810 1822 849 1892; x_wconf 86' lang='grc' dir='ltr'><strong><em>τὸ</em></strong></span> <span class='ocrx_word' id='word_1_116' title='bbox 883 1823 992 1912; x_wconf 83' lang='grc' dir='ltr'><strong><em>ξυρὸν</em></strong></span> <span class='ocrx_word' id='word_1_117' title='bbox 1016 1824 1099 1894; x_wconf 83' lang='grc' dir='ltr'><strong><em>κατά</em></strong></span> 
     </span>
     <span class='ocr_line' id='line_1_16' title="bbox 24 1926 1140 2017; baseline 0.002 -24"><span class='ocrx_word' id='word_1_118' title='bbox 24 1930 148 2014; x_wconf 70' lang='grc' dir='ltr'><strong><em>592τής</em></strong></span> <span class='ocrx_word' id='word_1_119' title='bbox 170 1926 311 2016; x_wconf 89' lang='grc' dir='ltr'><strong><em>ἀκόνης,</em></strong></span> <span class='ocrx_word' id='word_1_120' title='bbox 334 1927 354 2017; x_wconf 91' lang='grc' dir='ltr'><strong><em>ή</em></strong></span> <span class='ocrx_word' id='word_1_121' title='bbox 379 1927 416 1996; x_wconf 76' lang='grc' dir='ltr'><strong><em>δὲ</em></strong></span> <span class='ocrx_word' id='word_1_122' title='bbox 440 1927 527 2017; x_wconf 84' lang='grc' dir='ltr'><strong><em>ἀκμὴ</em></strong></span> <span class='ocrx_word' id='word_1_123' title='bbox 550 1933 612 1997; x_wconf 81' lang='grc' dir='ltr'><strong><em>τοῦ</em></strong></span> <span class='ocrx_word' id='word_1_124' title='bbox 636 1928 780 2017; x_wconf 87' lang='grc' dir='ltr'><strong><em>σιδήρου</em></strong></span> <span class='ocrx_word' id='word_1_125' title='bbox 809 1927 854 1997; x_wconf 88' lang='grc' dir='ltr'><strong><em>δι’</em></strong></span> <span class='ocrx_word' id='word_1_126' title='bbox 881 1928 964 1999; x_wconf 85' lang='grc' dir='ltr'><strong><em>όλου</em></strong></span> <span class='ocrx_word' id='word_1_127' title='bbox 986 1939 1098 1999; x_wconf 91' lang='grc' dir='ltr'><strong><em>κατελ-</em></strong></span> <span class='ocrx_word' id='word_1_128' title='bbox 1114 1955 1140 1996; x_wconf 83' lang='grc' dir='ltr'><strong><em>ιε</em></strong></span> 
     </span>
     <span class='ocr_line' id='line_1_17' title="bbox 81 2033 1099 2124; baseline 0.003 -22"><span class='ocrx_word' id='word_1_129' title='bbox 81 2038 197 2102; x_wconf 84' lang='grc' dir='ltr'><strong><em>θοῦσα</em></strong></span> <span class='ocrx_word' id='word_1_130' title='bbox 219 2038 280 2104; x_wconf 84' lang='grc' dir='ltr'><strong><em>τοῦ</em></strong></span> <span class='ocrx_word' id='word_1_131' title='bbox 303 2041 407 2104; x_wconf 80' lang='grc' dir='ltr'><strong><em>λίθου</em></strong></span> <span class='ocrx_word' id='word_1_132' title='bbox 432 2034 496 2123; x_wconf 93' lang='grc' dir='ltr'><strong><em>τήν</em></strong></span> <span class='ocrx_word' id='word_1_133' title='bbox 523 2062 558 2104; x_wconf 95' lang='grc' dir='ltr'><strong><em>τε</em></strong></span> <span class='ocrx_word' id='word_1_134' title='bbox 576 2033 705 2122; x_wconf 88' lang='grc' dir='ltr'><strong><em>ἀκόνην</em></strong></span> <span class='ocrx_word' id='word_1_135' title='bbox 732 2040 858 2124; x_wconf 82' lang='grc' dir='ltr'><strong><em>διαιρεῖ</em></strong></span> <span class='ocrx_word' id='word_1_136' title='bbox 873 2037 929 2104; x_wconf 82' lang='grc' dir='ltr'><strong><em>καὶ</em></strong></span> <span class='ocrx_word' id='word_1_137' title='bbox 947 2040 1006 2124; x_wconf 80' lang='grc' dir='ltr'><strong><em>τῆς</em></strong></span> <span class='ocrx_word' id='word_1_138' title='bbox 1023 2063 1099 2106; x_wconf 92' lang='grc' dir='ltr'><strong><em>κατ-</em></strong></span> 
     </span>
     <span class='ocr_line' id='line_1_18' title="bbox 82 2139 1139 2232; baseline -0.002 -24"><span class='ocrx_word' id='word_1_139' title='bbox 82 2139 226 2228; x_wconf 85' lang='grc' dir='ltr'><strong><em>εχούσης</em></strong></span> <span class='ocrx_word' id='word_1_140' title='bbox 259 2139 366 2228; x_wconf 79' lang='grc' dir='ltr'><strong><em>αὐτὴν</em></strong></span> <span class='ocrx_word' id='word_1_141' title='bbox 401 2140 512 2232; x_wconf 82' lang='grc' dir='ltr'><strong><em>χειρὸς</em></strong></span> <span class='ocrx_word' id='word_1_142' title='bbox 544 2145 709 2231; x_wconf 80' lang='grc' dir='ltr'><strong><em>ἐπιτέμνει</em></strong></span> <span class='ocrx_word' id='word_1_143' title='bbox 743 2171 775 2212; x_wconf 91' lang='grc' dir='ltr'><strong><em>τι</em></strong></span> <span class='ocrx_word' id='word_1_144' title='bbox 808 2145 916 2231; x_wconf 86' lang='grc' dir='ltr'><strong><em>μέρος.</em></strong></span> <span class='ocrx_word' id='word_1_145' title='bbox 974 2147 1010 2212; x_wconf 77' lang='lat' dir='ltr'><strong><em>oc</em></strong></span> <span class='ocrx_word' id='word_1_146' title='bbox 1037 2140 1139 2231; x_wconf 72' lang='grc' dir='ltr'><strong><em>μέν5</em></strong></span> 
     </span>
     <span class='ocr_line' id='line_1_19' title="bbox 84 2240 1099 2338; baseline 0.004 -24"><span class='ocrx_word' id='word_1_147' title='bbox 84 2240 149 2315; x_wconf 83' lang='grc' dir='ltr'><strong><em>οὖν</em></strong></span> <span class='ocrx_word' id='word_1_148' title='bbox 178 2246 274 2318; x_wconf 83' lang='grc' dir='ltr'><strong><em>άλλοι</em></strong></span> <span class='ocrx_word' id='word_1_149' title='bbox 301 2249 423 2330; x_wconf 89' lang='grc' dir='ltr'><strong><em>πάντες</em></strong></span> <span class='ocrx_word' id='word_1_150' title='bbox 451 2247 495 2330; x_wconf 79' lang='grc' dir='ltr'><strong><em>ὡς</em></strong></span> <span class='ocrx_word' id='word_1_151' title='bbox 521 2248 559 2319; x_wconf 87' lang='grc' dir='ltr'><strong><em>τὸ</em></strong></span> <span class='ocrx_word' id='word_1_152' title='bbox 587 2248 788 2338; x_wconf 89' lang='grc' dir='ltr'><strong><em>θαυμαστὸν</em></strong></span> <span class='ocrx_word' id='word_1_153' title='bbox 816 2253 915 2319; x_wconf 81' lang='grc' dir='ltr'><strong><em>τοῦτο</em></strong></span> <span class='ocrx_word' id='word_1_154' title='bbox 941 2251 997 2318; x_wconf 80' lang='grc' dir='ltr'><strong><em>καὶ</em></strong></span> <span class='ocrx_word' id='word_1_155' title='bbox 1024 2249 1099 2318; x_wconf 83' lang='grc' dir='ltr'><strong><em>ἀπι-</em></strong></span> 
     </span>
     <span class='ocr_line' id='line_1_20' title="bbox 83 2353 1099 2452; baseline 0.002 -30"><span class='ocrx_word' id='word_1_156' title='bbox 83 2374 166 2424; x_wconf 87' lang='grc' dir='ltr'><strong><em>στου</em></strong></span> <span class='ocrx_word' id='word_1_157' title='bbox 195 2360 295 2443; x_wconf 76' lang='grc' dir='ltr'><strong><em>ἔργον</em></strong></span> <span class='ocrx_word' id='word_1_158' title='bbox 324 2357 525 2452; x_wconf 76' lang='grc' dir='ltr'><strong><em>Ιἐθεάσαντο,</em></strong></span> <span class='ocrx_word' id='word_1_159' title='bbox 552 2359 817 2443; x_wconf 80' lang='grc' dir='ltr'><strong><em>καταπλαγέντες</em></strong></span> <span class='ocrx_word' id='word_1_160' title='bbox 844 2354 1052 2445; x_wconf 88' lang='grc' dir='ltr'><strong><em>ἀνεβόησαν,</em></strong></span> <span class='ocrx_word' id='word_1_161' title='bbox 1081 2353 1099 2424; x_wconf 92' lang='lat'><em>6</em></span> 
     </span>
     <span class='ocr_line' id='line_1_21' title="bbox 84 2461 1140 2553; baseline -0.001 -25"><span class='ocrx_word' id='word_1_162' title='bbox 84 2461 124 2530; x_wconf 74' lang='grc' dir='ltr'><strong><em>δέ</em></strong></span> <span class='ocrx_word' id='word_1_163' title='bbox 150 2462 337 2550; x_wconf 86' lang='grc' dir='ltr'><strong><em>Ταρκύνιος</em></strong></span> <span class='ocrx_word' id='word_1_164' title='bbox 364 2463 535 2544; x_wconf 80' lang='grc' dir='ltr'><strong><em>αἰδεσθεὶς</em></strong></span> <span class='ocrx_word' id='word_1_165' title='bbox 562 2464 615 2531; x_wconf 79' lang='grc' dir='ltr'><strong><em>ἐπὶ</em></strong></span> <span class='ocrx_word' id='word_1_166' title='bbox 645 2467 685 2552; x_wconf 84' lang='grc' dir='ltr'><strong><em>τή</em></strong></span> <span class='ocrx_word' id='word_1_167' title='bbox 715 2466 871 2553; x_wconf 79' lang='grc' dir='ltr'><strong><em>διαπείρᾳ</em></strong></span> <span class='ocrx_word' id='word_1_168' title='bbox 897 2466 957 2549; x_wconf 80' lang='grc' dir='ltr'><strong><em>τῆς</em></strong></span> <span class='ocrx_word' id='word_1_169' title='bbox 983 2464 1140 2549; x_wconf 77' lang='grc' dir='ltr'><strong><em>τέχνηςεο</em></strong></span> 
     </span>
     <span class='ocr_line' id='line_1_22' title="bbox 82 2567 1100 2659; baseline 0 -23"><span class='ocrx_word' id='word_1_170' title='bbox 82 2570 140 2637; x_wconf 80' lang='grc' dir='ltr'><strong><em>καὶ</em></strong></span> <span class='ocrx_word' id='word_1_171' title='bbox 163 2568 201 2638; x_wconf 90' lang='grc' dir='ltr'><strong><em>τὸ</em></strong></span> <span class='ocrx_word' id='word_1_172' title='bbox 221 2567 363 2659; x_wconf 74' lang='grc' dir='ltr'><strong><em>ἀπρεπὲς</em></strong></span> <span class='ocrx_word' id='word_1_173' title='bbox 380 2575 448 2639; x_wconf 79' lang='grc' dir='ltr'><strong><em>τῶν</em></strong></span> <span class='ocrx_word' id='word_1_174' title='bbox 468 2568 672 2657; x_wconf 76' lang='grc' dir='ltr'><strong><em>ὀνειδισμῶν</em></strong></span> <span class='ocrx_word' id='word_1_175' title='bbox 691 2567 1002 2658; x_wconf 78' lang='grc' dir='ltr'><strong><em>ἐπανορθώσασθαι</em></strong></span> <span class='ocrx_word' id='word_1_176' title='bbox 1020 2574 1100 2655; x_wconf 94' lang='grc' dir='ltr'><strong><em>βου-</em></strong></span> 
     </span>
     <span class='ocr_line' id='line_1_23' title="bbox 83 2673 1100 2764; baseline 0 -22"><span class='ocrx_word' id='word_1_177' title='bbox 83 2673 228 2763; x_wconf 90' lang='grc' dir='ltr'><strong><em>λόμενος</em></strong></span> <span class='ocrx_word' id='word_1_178' title='bbox 249 2679 383 2759; x_wconf 79' lang='grc' dir='ltr'><strong><em>πρῶτον</em></strong></span> <span class='ocrx_word' id='word_1_179' title='bbox 411 2676 473 2764; x_wconf 74' lang='grc' dir='ltr'><strong><em>μὲν</em></strong></span> <span class='ocrx_word' id='word_1_180' title='bbox 500 2680 568 2745; x_wconf 77' lang='grc' dir='ltr'><strong><em>τῶν</em></strong></span> <span class='ocrx_word' id='word_1_181' title='bbox 595 2677 671 2764; x_wconf 82' lang='grc' dir='ltr'><strong><em>περὶ</em></strong></span> <span class='ocrx_word' id='word_1_182' title='bbox 693 2673 752 2755; x_wconf 88' lang='grc' dir='ltr'><strong><em>τάς</em></strong></span> <span class='ocrx_word' id='word_1_183' title='bbox 775 2673 884 2761; x_wconf 82' lang='grc' dir='ltr'><strong><em>φυλὰς</em></strong></span> <span class='ocrx_word' id='word_1_184' title='bbox 907 2674 1100 2763; x_wconf 80' lang='grc' dir='ltr'><strong><em>ἐγχειρημά-</em></strong></span> 
     </span>
     <span class='ocr_line' id='line_1_24' title="bbox 83 2779 1100 2870; baseline 0 -20"><span class='ocrx_word' id='word_1_185' title='bbox 83 2807 153 2850; x_wconf 85' lang='grc' dir='ltr'><strong><em>των</em></strong></span> <span class='ocrx_word' id='word_1_186' title='bbox 181 2779 321 2870; x_wconf 87' lang='grc' dir='ltr'><strong><em>ἀπέστη,</em></strong></span> <span class='ocrx_word' id='word_1_187' title='bbox 350 2787 460 2852; x_wconf 83' lang='grc' dir='ltr'><strong><em>ἔπειτα</em></strong></span> <span class='ocrx_word' id='word_1_188' title='bbox 489 2782 520 2851; x_wconf 86' lang='grc' dir='ltr'><strong><em>δ’</em></strong></span> <span class='ocrx_word' id='word_1_189' title='bbox 549 2781 653 2852; x_wconf 85' lang='grc' dir='ltr'><strong><em>αὐτὸν</em></strong></span> <span class='ocrx_word' id='word_1_190' title='bbox 681 2781 741 2852; x_wconf 88' lang='grc' dir='ltr'><strong><em>τὸν</em></strong></span> <span class='ocrx_word' id='word_1_191' title='bbox 769 2784 900 2869; x_wconf 78' lang='grc' dir='ltr'><strong><em>Νέβιον</em></strong></span> <span class='ocrx_word' id='word_1_192' title='bbox 931 2780 1100 2870; x_wconf 84' lang='grc' dir='ltr'><strong><em>ἀποθερα-</em></strong></span> 
     </span>
     <span class='ocr_line' id='line_1_25' title="bbox 83 2886 1100 2979; baseline 0.002 -23"><span class='ocrx_word' id='word_1_193' title='bbox 83 2891 205 2956; x_wconf 82' lang='grc' dir='ltr'><strong><em>πεῦσαι</em></strong></span> <span class='ocrx_word' id='word_1_194' title='bbox 239 2889 415 2976; x_wconf 84' lang='grc' dir='ltr'><strong><em>διαγνούς,</em></strong></span> <span class='ocrx_word' id='word_1_195' title='bbox 448 2887 493 2970; x_wconf 77' lang='grc' dir='ltr'><strong><em>ὡς</em></strong></span> <span class='ocrx_word' id='word_1_196' title='bbox 515 2887 681 2958; x_wconf 76' lang='grc' dir='ltr'><strong><em>Ιἀπάντων</em></strong></span> <span class='ocrx_word' id='word_1_197' title='bbox 716 2886 912 2979; x_wconf 76' lang='grc' dir='ltr'><strong><em>ἀνθρώπων</em></strong></span> <span class='ocrx_word' id='word_1_198' title='bbox 944 2892 1100 2977; x_wconf 89' lang='grc' dir='ltr'><strong><em>θεοφιλέ-</em></strong></span> 
     </span>
     <span class='ocr_line' id='line_1_26' title="bbox 84 2992 1140 3084; baseline 0.006 -22"><span class='ocrx_word' id='word_1_199' title='bbox 84 3013 223 3082; x_wconf 89' lang='grc' dir='ltr'><strong><em>στατον,</em></strong></span> <span class='ocrx_word' id='word_1_200' title='bbox 247 2995 364 3076; x_wconf 83' lang='grc' dir='ltr'><strong><em>ἀλλαις</em></strong></span> <span class='ocrx_word' id='word_1_201' title='bbox 385 3023 420 3066; x_wconf 90' lang='grc' dir='ltr'><strong><em>τε</em></strong></span> <span class='ocrx_word' id='word_1_202' title='bbox 442 3005 582 3076; x_wconf 77' lang='grc' dir='ltr'><strong><em>πολλαῖς</em></strong></span> <span class='ocrx_word' id='word_1_203' title='bbox 609 3001 883 3084; x_wconf 84' lang='grc' dir='ltr'><strong><em>φιλανθρωπίαις</em></strong></span> <span class='ocrx_word' id='word_1_204' title='bbox 910 2992 1099 3083; x_wconf 84' lang='grc' dir='ltr'><strong><em>ὑπηγάγετο</em></strong></span> <span class='ocrx_word' id='word_1_205' title='bbox 1113 3027 1140 3068; x_wconf 74' lang='grc' dir='ltr'><strong><em>τε</em></strong></span> 
     </span>
     <span class='ocr_line' id='line_1_27' title="bbox 83 3101 1100 3191; baseline 0.004 -23"><span class='ocrx_word' id='word_1_206' title='bbox 83 3101 140 3168; x_wconf 85' lang='grc' dir='ltr'><strong><em>καὶ</em></strong></span> <span class='ocrx_word' id='word_1_207' title='bbox 163 3104 221 3169; x_wconf 77' lang='grc' dir='ltr'><strong><em>ἵνα</em></strong></span> <span class='ocrx_word' id='word_1_208' title='bbox 244 3101 376 3190; x_wconf 83' lang='grc' dir='ltr'><strong><em>μνήμης</em></strong></span> <span class='ocrx_word' id='word_1_209' title='bbox 399 3108 541 3172; x_wconf 85' lang='grc' dir='ltr'><strong><em>αίωνίου</em></strong></span> <span class='ocrx_word' id='word_1_210' title='bbox 568 3101 716 3191; x_wconf 85' lang='grc' dir='ltr'><strong><em>τυγχάνη</em></strong></span> <span class='ocrx_word' id='word_1_211' title='bbox 743 3101 835 3190; x_wconf 85' lang='grc' dir='ltr'><strong><em>παρὰ</em></strong></span> <span class='ocrx_word' id='word_1_212' title='bbox 861 3106 930 3171; x_wconf 84' lang='grc' dir='ltr'><strong><em>τῶν</em></strong></span> <span class='ocrx_word' id='word_1_213' title='bbox 954 3104 1100 3190; x_wconf 83' lang='grc' dir='ltr'><strong><em>ἐπιγινο-</em></strong></span> 
     </span>
     <span class='ocr_line' id='line_1_28' title="bbox 84 3207 1098 3296; baseline 0.003 -21"><span class='ocrx_word' id='word_1_214' title='bbox 84 3209 198 3294; x_wconf 86' lang='grc' dir='ltr'><strong><em>μένων</em></strong></span> <span class='ocrx_word' id='word_1_215' title='bbox 222 3208 337 3277; x_wconf 88' lang='grc' dir='ltr'><strong><em>είκόνα</em></strong></span> <span class='ocrx_word' id='word_1_216' title='bbox 359 3208 607 3289; x_wconf 89' lang='grc' dir='ltr'><strong><em>κατασκευάσας</em></strong></span> <span class='ocrx_word' id='word_1_217' title='bbox 634 3207 739 3277; x_wconf 78' lang='grc' dir='ltr'><strong><em>αὐτοῦ</em></strong></span> <span class='ocrx_word' id='word_1_218' title='bbox 764 3212 890 3296; x_wconf 84' lang='grc' dir='ltr'><strong><em>χαλκήυ</em></strong></span> <span class='ocrx_word' id='word_1_219' title='bbox 914 3207 1098 3296; x_wconf 88' lang='grc' dir='ltr'><strong><em>ἀνέστησεν</em></strong></span> 
     </span>
    </p>
   </div>
   <div class='ocr_carea' id='block_1_3' title="bbox 84 3398 1100 3618">
    <p class='ocr_par' dir='ltr' id='par_1_3' title="bbox 84 3398 1100 3618">
     <span class='ocr_line' id='line_1_29' title="bbox 157 3398 1100 3476; baseline 0.002 -17"><span class='ocrx_word' id='word_1_220' title='bbox 157 3411 174 3459; x_wconf 77' lang='lat'><strong>2</strong></span> <span class='ocrx_word' id='word_1_221' title='bbox 193 3398 364 3472; x_wconf 86' lang='grc' dir='ltr'><strong><em>ἀποφαίνων</em></strong></span> <span class='ocrx_word' id='word_1_222' title='bbox 382 3406 405 3459; x_wconf 95' lang='grc' dir='ltr'>Β</span> <span class='ocrx_word' id='word_1_223' title='bbox 424 3399 595 3473; x_wconf 74' lang='grc' dir='ltr'><strong><em>ἀναφαίνων</em></strong></span> <span class='ocrx_word' id='word_1_224' title='bbox 613 3406 639 3459; x_wconf 84' lang='lat' dir='ltr'>R</span> <span class='ocrx_word' id='word_1_225' title='bbox 718 3411 733 3460; x_wconf 74' lang='lat'>⁷</span> <span class='ocrx_word' id='word_1_226' title='bbox 753 3401 923 3475; x_wconf 78' lang='grc' dir='ltr'><strong><em>διενοούμην</em></strong></span> <span class='ocrx_word' id='word_1_227' title='bbox 942 3423 964 3460; x_wconf 86' lang='grc' dir='ltr'><strong><em>ο.</em></strong></span> <span class='ocrx_word' id='word_1_228' title='bbox 987 3406 1100 3476; x_wconf 80' lang='lat' dir='ltr'>Sauppe</span> 
     </span>
     <span class='ocr_line' id='line_1_30' title="bbox 85 3471 1098 3547; baseline 0.003 -17"><span class='ocrx_word' id='word_1_229' title='bbox 85 3478 120 3530; x_wconf 83' lang='lat' dir='ltr'><strong><em>de</em></strong></span> <span class='ocrx_word' id='word_1_230' title='bbox 138 3475 217 3530; x_wconf 77' lang='lat' dir='ltr'>Flori</span> <span class='ocrx_word' id='word_1_231' title='bbox 235 3475 300 3531; x_wconf 74' lang='lat' dir='ltr'>crisi</span> <span class='ocrx_word' id='word_1_232' title='bbox 318 3493 345 3544; x_wconf 87' lang='lat' dir='ltr'><strong><em>p.</em></strong></span> <span class='ocrx_word' id='word_1_233' title='bbox 367 3482 399 3529; x_wconf 77' lang='lat'><strong><em>12</em></strong></span> <span class='ocrx_word' id='word_1_234' title='bbox 474 3480 507 3528; x_wconf 87' lang='lat'><strong><em>14</em></strong></span> <span class='ocrx_word' id='word_1_235' title='bbox 525 3472 576 3530; x_wconf 85' lang='grc' dir='ltr'><strong><em>τόν</em></strong></span> <span class='ocrx_word' id='word_1_236' title='bbox 596 3473 682 3546; x_wconf 84' lang='grc' dir='ltr'><strong><em>ξυρὸν</em></strong></span> <span class='ocrx_word' id='word_1_237' title='bbox 701 3494 724 3532; x_wconf 84' lang='grc' dir='ltr'><strong><em>ο,</em></strong></span> <span class='ocrx_word' id='word_1_238' title='bbox 745 3476 867 3547; x_wconf 80' lang='lat' dir='ltr'>Sylburg</span> <span class='ocrx_word' id='word_1_239' title='bbox 939 3483 973 3530; x_wconf 80' lang='lat'><strong><em>23</em></strong></span> <span class='ocrx_word' id='word_1_240' title='bbox 994 3471 1024 3531; x_wconf 85' lang='grc' dir='ltr'><strong><em>δ’</em></strong></span> <span class='ocrx_word' id='word_1_241' title='bbox 1044 3477 1098 3534; x_wconf 86' lang='lat' dir='ltr'>del.</span> 
     </span>
     <span class='ocr_line' id='line_1_31' title="bbox 84 3542 971 3618; baseline 0.001 -18"><span class='ocrx_word' id='word_1_242' title='bbox 84 3545 229 3618; x_wconf 76' lang='lat' dir='ltr'><strong>Kiessling</strong></span> <span class='ocrx_word' id='word_1_243' title='bbox 300 3553 334 3602; x_wconf 77' lang='lat'><strong><em>27</em></strong></span> <span class='ocrx_word' id='word_1_244' title='bbox 354 3547 499 3617; x_wconf 86' lang='grc' dir='ltr'><strong><em>διέστησεν</em></strong></span> <span class='ocrx_word' id='word_1_245' title='bbox 519 3542 565 3601; x_wconf 75' lang='grc' dir='ltr'><strong><em>ἐπὶ</em></strong></span> <span class='ocrx_word' id='word_1_246' title='bbox 584 3548 633 3617; x_wconf 81' lang='grc' dir='ltr'><strong><em>τῆς</em></strong></span> <span class='ocrx_word' id='word_1_247' title='bbox 651 3545 758 3618; x_wconf 86' lang='grc' dir='ltr'><strong><em>άγοράς</em></strong></span> <span class='ocrx_word' id='word_1_248' title='bbox 776 3547 799 3602; x_wconf 92' lang='lat' dir='ltr'>O</span> <span class='ocrx_word' id='word_1_249' title='bbox 819 3549 930 3616; x_wconf 75' lang='lat' dir='ltr'>praeter</span> <span class='ocrx_word' id='word_1_250' title='bbox 948 3548 971 3601; x_wconf 93' lang='lat' dir='ltr'><strong>B</strong></span> 
     </span>
    </p>
   </div>
   <div class='ocr_carea' id='block_1_4' title="bbox 0 0 1212 3918">
    <p class='ocr_par' dir='ltr' id='par_1_4' title="bbox 0 0 1212 3918">
     <span class='ocr_line' id='line_1_32' title="bbox 0 0 1212 3918; baseline 0 0"><span class='ocrx_word' id='word_1_251' title='bbox 0 0 1212 3918; x_wconf 95' lang='lat' dir='ltr'><strong><em> </em></strong></span> 
     </span>
    </p>
   </div>
  </div>
 </body>
</html>
