2412 3912
65 197 105 252 IV
458 196 678 253 PRAEFATIO.

65 360 138 426 dem
163 361 294 425 saeculo
317 364 505 426 revocatum
530 383 599 426 esse
619 361 711 426 illum
731 362 921 445 scriptorem
942 362 1083 447 antiqui-

64 470 172 531 tatum
194 487 401 532 romanarum
426 468 499 553 quis
523 471 573 532 est
597 468 674 553 quin
698 467 802 533 sciat?

133 573 300 650 Quantum
324 595 363 638 ex
386 595 472 639 anno
500 575 600 653 1838,
624 597 687 659 quo
712 574 821 639 emisit
843 575 878 639 in
900 575 1005 640 lucem
1028 575 1082 642 Dr.

63 679 264 746 Ritsohelius
298 680 605 746 commentationem
637 681 743 765 illam,
778 703 860 765 quae
892 681 1083 746 inscribitur

63 785 230 871 ‘Dionysii
244 786 543 853 Halicarnassensis
557 786 765 853 Prooemium
781 788 1012 872 antiquitatum
1032 808 1084 852 ro·

64 914 234 959 manarum
258 915 275 957 e
299 893 463 958 codicibus
491 915 577 972 msa,
610 892 649 958 de
672 916 809 979 quorum
831 893 939 960 indole
965 897 997 958 et
1020 915 1084 960 usu

63 998 257 1085 disputatur,
277 998 499 1065 emendatum'
514 999 575 1064 viri
590 1000 771 1065 doctissimi
784 1001 820 1065 in
834 1005 1003 1085 contextu,
1026 1001 1085 1085 qui

64 1109 196 1170 estnon
211 1127 285 1170 raro
301 1105 395 1171 valde
411 1110 592 1191 corruptuS,
607 1105 806 1172 emendando
826 1108 893 1171 sint
907 1107 1084 1190 consecuti,

62 1212 220 1276 hocloco
243 1232 477 1296 recognoscere
501 1212 706 1297 supersedeo,
734 1214 925 1296 praesertim
950 1236 1023 1280 cum
1046 1214 1084 1279 in

62 1316 228 1403 Philologi
250 1320 341 1386 tomo
359 1337 471 1384 xxm
492 1341 524 1404 p.
545 1319 607 1383 129
619 1340 694 1403 seq,
717 1340 748 1402 p.
767 1318 908 1405 saoseq.
933 1324 966 1385 1
988 1325 1083 1386 tomo

65 1442 190 1490 xxxvn
213 1447 244 1510 p.
263 1424 407 1510 325seq.
435 1446 547 1490 omnes
575 1425 677 1490 libros
706 1425 899 1510 libellosque
927 1448 966 1490 ex
996 1449 1084 1492 anno

68 1530 154 1594 1774
184 1552 285 1615 usque
313 1530 355 1595 ad
384 1552 505 1596 annum
532 1531 617 1596 1876
643 1532 903 1597 examinaverim.
948 1533 999 1597 Ex
1023 1533 1084 1600 illo

63 1639 173 1701 autem
196 1640 343 1721 tempore
366 1659 469 1722 usque
492 1636 533 1702 ad
555 1638 641 1703 hunc
665 1638 751 1704 diem
773 1643 901 1724 praeter
917 1637 951 1705 O.
967 1637 1004 1704 G.
1020 1637 1090 1705 Co·-

62 1741 185 1826 betum,
204 1743 294 1807 cuius
314 1742 569 1809 Observationes
588 1745 718 1810 criticas
737 1751 770 1810 et
788 1745 1084 1830 palaeographicas

64 1848 104 1912 ad
123 1847 264 1933 Dionysi
287 1848 570 1916 Halicarnasensis
595 1852 808 1937 antiquitates
832 1874 984 1918 romanas
1006 1873 1084 1936 pro·

63 1960 245 2040 grammate
267 1977 340 2022 meo
365 1955 548 2022 Gedauensi
571 1979 599 2022 a.
623 1957 708 2022 1877
732 1957 887 2036 11111111,
908 1978 975 2022 non
998 1957 1084 2021 mul-

62 2064 135 2125 tum
171 2062 233 2127 viri
269 2062 357 2129 docti
395 2063 435 2129 ad
471 2063 574 2128 libros
611 2062 830 2129 emendandos
862 2064 1079 2128 contulerunt.

63 2166 154 2230 Inter
176 2188 288 2232 omnes
312 2169 442 2252 quidem
465 2169 517 2233 vel
540 2171 678 2234 maxime
697 2168 734 2233 G.
748 2168 954 2234 Meutznerus
973 2191 993 2234 a
1011 2191 1085 2234 cor-

63 2274 264 2358 ruptelarum
295 2273 445 2340 sordibus
477 2275 563 2340 hunc
595 2276 788 2358 scriptorem
820 2275 975 2360 purgavit
1016 2273 1084 2338 dis·
1203 2273 1204 2278 ’

63 2380 290 2470 putationibus
325 2380 462 2466 duabus,
496 2403 578 2465 quae
610 2382 645 2445 in
676 2381 875 2445 Fleckeiseui
909 2380 1085 2444 annalibus
1198 2377 1199 2380 '

65 2485 244 2572 philologis
272 2489 351 2550 tom.
378 2486 441 2551 115
468 2507 499 2570 p.
519 2487 583 2551 809
599 2508 663 2570 seq.
688 2509 717 2551 a.
742 2487 828 2584 1877
857 2486 1084 2552 1111111125

63 2613 96 2675 p.
114 2592 179 2656 249
191 2613 256 2676 seq.
289 2615 317 2656 1.
344 2593 430 2659 1882
462 2591 615 2676 vulgatae
649 2590 689 2656 ad
721 2591 841 2656 librum
874 2593 1017 2676 primum
1050 2597 1085 2657 et

65 2702 192 2762 sextum
215 2699 394 2782 pertinent,
418 2719 615 2782 quamquam
638 2720 678 2763 ne
702 2699 759 2763 ille
782 2698 910 2782 quidem
934 2700 985 2764 vir
1007 2699 1083 2766 doc·

62 2807 125 2886 tus,
148 2807 184 2869 ut
205 2803 302 2868 hodie
326 2826 423 2900 saepe
446 2804 493 2883 fit,
517 2825 627 2869 curam
651 2805 720 2890 agit
743 2805 938 2872 litterarum.
967 2804 1081 2890 Atque
1202 2818 1204 2826 ⁴

64 2909 151 2974 idem
174 2910 299 2994 primus
322 2915 495 2996 postquam
509 2910 708 2977 Ritsohelius
732 2911 772 2976 de
795 2911 1083 2978 codierrbinate

65 3014 206 3101 Dionysi
235 3016 518 3083 Halicarnasensis
546 3017 778 3102 disputatione,
806 3039 888 3100 quae
918 3018 1005 3082 edita
1031 3023 1085 3084 est

66 3121 200 3188 Bonnae
226 3145 311 3189 anno
336 3125 432 3208 1847,
454 3124 679 3209 perlustravit,
704 3147 769 3208 qua
790 3122 917 3188 ratione
940 3124 1084 3190 interae
1199 3197 1202 3206 ,

63 3229 190 3296 codices
213 3231 488 3314 praestantissimi
511 3227 684 3296 Ohisianus
704 3229 764 3316 (A)
790 3233 822 3293 et
845 3227 986 3295 Urbinas
1010 3231 1083 3297 sive
1198 3223 1199 3226 ¹

31 3395 33 3400 .
65 3334 246 3400 Vaticanus
266 3333 328 3422 (B)
353 3339 463 3401 essent
486 3336 657 3420 coniuncti,
681 3337 787 3401 denuo
810 3335 893 3400 hanc
917 3337 1083 3420 quaestio·
1199 3379 1204 3410 1

66 3460 141 3504 nem
164 3461 318 3526 magnam
342 3442 458 3525 movit,
485 3463 551 3506 non
579 3442 728 3508 absolvit.
775 3439 952 3506 Consentio
980 3443 1086 3528 igitur
