2404 3918
445 221 611 271 ..Γ-

22 372 122 454 εάθδς
155 375 191 455 ἐξ
226 373 363 461 ἐφόδου.
416 379 450 443 οί
475 375 539 462 γάρ
568 377 605 444 ἐν
632 372 728 469 αὐτῷ
755 377 1037 463 καταλειφθέντες

23 480 95 550 οὔτε
131 477 195 568 τῆν
236 485 469 570 κατασχοῦσαν
509 481 589 563 τοὺς
630 485 813 574 σφετέρους
855 481 1035 572 συμφοράν

16 588 275 676 προεγνωκότες
298 587 376 658 οὔτε
403 587 482 670 τοὺς
508 590 711 679 προσιόντας
742 594 850 677 ἱππεῖς
871 595 1060 680 γνωρίσαι·

24 693 75 764 διά
97 693 134 766 τὸ
160 699 340 783 αίφνίδιον
364 701 422 784 τῆς
449 697 578 785 ἐφόδου
607 699 814 785 δυνηθέντες
836 707 955 766 είασαν
977 694 1035 766 αό-

25 801 97 882 τοδς
126 787 322 892 παρελθεῖν.
376 802 524 892 ἁλούσης
556 806 595 873 δὲ
629 809 689 892 τῆς
719 809 932 893 παρασκευῆς
966 769 1076 897 mv}

26 914 177 978 Λατίνων
197 914 234 980 οί
255 910 316 998 μὲν
334 909 591 1000 ἀναχωροῦντες
610 914 647 980 ἐκ
668 915 728 1001 τῆς
745 915 871 1001 τροπῆς
884 907 973 1000 (ὥς)
988 915 1036 989 είς

28 1015 152 1105 ἀσφαλῆ
185 1016 385 1106 καταφυγὴν
415 1015 482 1088 ὑπὸ
516 1023 586 1088 τών
615 1020 898 1106 καταλαβομένων
930 1014 1036 1102 αὐτὴν

30 1125 146 1194 ἱππέων
173 1121 390 1212 ἀπώλλυντο,
419 1129 455 1194 oc
480 1122 512 1194 δ’
537 1127 575 1194 έκ
601 1130 662 1195 τοῦ
695 1125 925 1213 στρατοπέδου
956 1122 1037 1211 φεά-

32 1259 95 1316 γειν
124 1229 335 1321 ὁρμήσαντες
367 1237 414 1313 είς
443 1232 483 1302 τὸ
516 1236 636 1302 πεδίον
670 1230 737 1302 ὑπὸ
768 1235 827 1319 τῆς
853 1229 1039 1318 Ῥωμαϊκῆς

37 1337 192 1426 φάλαγγος
217 1336 320 1427 ὁμόσε
341 1339 518 1428 χωρούσης
535 1336 765 1426 ἀπέθνησκον,
789 1340 824 1408 οί
844 1337 883 1405 δὲ
900 1343 1038 1416 πλείους
1051 1361 1079 1404 ιο

35 1441 131 1514 αότάν
161 1443 364 1533 ὠθούμενοί
388 1470 424 1514 τε
455 1442 513 1514 ὑπ’
548 1443 704 1532 άλλῆλων
739 1446 796 1514 καὶ
832 1441 1038 1514 καταπατού-

33 1577 116 1636 μενοι
145 1553 226 1643 περλ
259 1566 330 1632 τοῖς
362 1552 527 1634 σκόλοψιν
553 1548 575 1639 ῆ
604 1552 687 1622 κατά
715 1551 774 1632 τάς
799 1550 950 1640 τάφρους
978 1548 1039 1618 τὸν

33 1659 187 1746 οίκτιστόν
217 1685 254 1729 τε
279 1659 337 1728 καὶ
366 1657 611 1746 ἀγεννέστατον
635 1658 764 1747 τρόπον
787 1656 1040 1744 διεφθάρησαν·

33 1762 100 1834 ὥστ’
125 1764 399 1854 ἠναγκάσθησαν
429 1770 465 1836 οί
492 1765 762 1855 περιλειπόμενοι
789 1766 848 1850 τῆς
875 1769 1041 1850 σωτηρίας

34 1868 146 1942 οὐδένα
167 1873 281 1962 πόρον
304 1871 418 1962 εὑρεῖν
442 1873 629 1960 δυνάμενοι
658 1874 873 1958 παραδοῦναι
895 1883 966 1949 τοῖς
987 1893 1039 1938 κε-
1054 1891 1080 1934 ω

34 1981 226 2068 κρατηκόσιν
250 1980 397 2062 ἑαυτούς.
438 1981 623 2068 γενόμενος
645 1978 683 2046 δὲ
706 1975 726 2046 ὁ
752 1976 939 2063 Ταρκύνιος
960 1985 1040 2046 πολ·
1059 1982 1081 2047 5

35 2089 94 2153 λῶν
121 2087 288 2177 σωμάτων
315 2113 350 2157 τε
381 2089 438 2157 καί
465 2086 643 2176 χρημάτων
677 2084 837 2173 έγκρατῆς
867 2081 948 2164 τοὺς
979 2084 1041 2171 μὲν

36 2196 256 2282 αἰχμαλώτους
283 2194 445 2281 ἀπέδοτο,
472 2194 513 2262 τά
542 2191 575 2262 δ’
605 2197 642 2263 έν
674 2196 719 2286 τῷ
753 2192 873 2280 χάρακι
901 2198 1040 2276 καταλη-
1107 2181 1113 2196 ’

37 2301 156 2382 φθίντα
178 2315 250 2384 τοῖς
272 2301 489 2391 στρατιώταις
511 2303 698 2390 ἐχαρίσατο.

115 2411 218 2479 LIHI.
252 2413 365 2478 Ταῦτα
388 2407 657 2497 διαπραξάμενος
679 2407 733 2475 ἐπὶ
754 2403 815 2485 τάς
836 2403 951 2485 πόλεις
972 2408 1040 2472 τών
1055 2425 1082 2466 ιο

39 2519 184 2586 Λατίνων
206 2509 268 2605 ἦγε
289 2515 353 2605 τῆν
376 2514 540 2604 δύναμιν,
564 2511 610 2596 ὡς
632 2513 721 2603 μάχη
743 2511 803 2593 τάς
823 2511 867 2600 μῆ
891 2531 1042 2600 προσχω-

40 2619 154 2703 ρούσας
172 2620 264 2716 αὐτῷ
282 2623 590 2712 παραστησάμενος·
614 2623 655 2690 οὐ
674 2619 741 2708 μῆν
761 2619 879 2707 ἐδέησέ
893 2645 932 2705 γε
952 2615 1041 2708 αὐτῷ

17 2736 250 2820 ιετειχομαχίας.
304 2729 449 2810 ἅπαντες
483 2729 550 2817 γάρ
583 2732 631 2808 είς
669 2731 794 2806 ἱκεσίας
825 2724 881 2794 καί
914 2723 1044 2819 δεῆσεις

41 2831 210 2918 ἐτράποντο
243 2838 299 2906 καὶ
330 2839 486 2926 πρέσβεις
517 2834 583 2904 άπὸ
617 2839 680 2904 τοῦ
709 2837 828 2902 κοινοῦ
856 2833 1044 2919 πέμψαντες

41 2943 281 3017 καταλύσασθαι
298 2943 360 3014 τὸν
374 2944 523 3033 πόλεμον
541 2941 661 3030 ἠξίουν
679 2937 734 3028 ἐφ’
752 2936 803 3020 οἷς
821 2935 922 3022 αὐτὸς
940 2935 1042 3024 ῆβοά-
1057 2954 1084 2997 ²⁶

42 3049 105 3116 λετο
131 3053 185 3121 καλ
213 3051 272 3134 τάς
298 3052 411 3133 πόλεις
442 3053 644 3139 παρέδοσαν.
698 3046 881 3134 γενόμενος
909 3043 947 3113 δὲ
973 3046 1079 3112 τῶν2

105 3214 119 3263 1
138 3209 365 3282 καταλιφθέντες
382 3211 405 3266 Β
424 3209 659 3281 καταληφθέντες
674 3208 700 3262 Δ
772 3213 788 3262 2
808 3200 959 3275 συμφοράν
977 3199 1045 3264 τοδε

45 3279 184 3354 σφετέρους
203 3283 388 3354 ΟρεεελετΒ
449 3289 465 3340 5
484 3282 664 3356 παρεμβολῆς
682 3296 705 3334 ο.
721 3280 822 3335 Portus
887 3282 903 3331 6
923 3271 960 3336 ὡς
979 3274 1043 3328 εδδ.

45 3341 173 3426 ffiessling
245 3351 467 3414 δάπώλυντοΑ
533 3361 566 3408 10
586 3349 615 3408 οί
631 3349 663 3408 δὲ
679 3351 704 3405 Α
723 3349 756 3406 οί
768 3347 836 3404 τεΒ
904 3349 938 3398 18
957 3364 1044 3399 κατα-

44 3417 227 3545 ῆῑζοοιθὲτταΒ
283 3433 317 3482 21
338 3422 589 3498 προςχωροάταςΒ
607 3419 847 3492 προχωροίοηςΙδ
906 3421 940 3471 25
962 3410 1044 3486 έβοό·
