2408 3928
461 242 628 292 -Γ-
969 233 1052 306 ,283
1135 179 1142 206 ³

38 393 160 480 λήλους
186 390 431 484 ἀναγκάζονται
459 401 555 480 δίκας
581 395 716 487 ὑπέχειν
744 397 832 489 λόγῳ
855 396 1052 486 κρινόμενοι
1124 409 1127 416 ’

38 502 89 569 καί
110 501 216 594 νόμςο.
261 504 391 575 τούτων
415 503 458 594 δὴ
480 510 550 576 τεόν
570 509 761 591 διαλλαγῶν
785 507 858 593 ἐμοὶ
878 504 940 592 μὲν
959 504 1092 572 δοκείδ

39 610 155 695 χρῆναι
179 607 239 690 τάς
262 608 523 702 εὐπρεπεστέρας
549 613 607 682 καλ
629 611 939 700 μεγαλοψυχοτέρας
964 608 1052 698 ἡμᾶς

39 716 174 785 ἑλέσθαι
202 720 259 787 καὶ
285 717 425 807 γνεόμην
451 722 581 789 θέσθαι
607 720 683 806 περὶ
711 716 856 808 μηδενὸς
882 714 967 805 ἡμᾶς
994 714 1052 784 άλ-
1134 755 1138 759 -

39 822 146 909 λήλοις
187 841 422 914 μνησικακεῖν,
458 825 501 896 σὺ
539 825 571 894 δ’
601 831 633 895 εί
663 824 707 914 μὴ
744 824 860 914 βούλει
897 822 1079 896 διαλλάτ-ε

39 939 149 999 τεσθαι
185 936 309 1002 τούτου
331 933 392 1003 τὸν
419 934 562 1023 τρόπον,
596 925 623 1002 οδ
655 932 777 1018 Τύλλε,
800 930 885 1001 άλλδι
915 930 971 998 καὶ
1002 933 1052 997 δι·

42 1036 130 1105 δόναι
155 1041 255 1119 δίκας
276 1041 333 1108 καλ
354 1038 541 1128 λαμβάνειν
559 1038 666 1123 άξιοῖς
682 1038 763 1132 τούς
784 1040 821 1107 έν
840 1053 912 1119 ταῖς
930 1042 1052 1118 αίτίαις

41 1142 109 1230 παρ’
138 1143 316 1233 ἀλλήλων,
349 1149 476 1236 ἕτοιμοι
507 1148 563 1216 καλ
594 1151 699 1216 ταῦτα
729 1160 838 1215 ποιεῖν
869 1149 956 1214 εἰσιν
980 1143 1051 1213 Ἀλ-

46 1252 128 1334 βανοὶ
152 1249 199 1321 τά
221 1251 320 1322 κοινά
348 1259 432 1342 ἔχθη
455 1253 797 1344 προκαταλυσάμενοι.
844 1257 875 1321 εί
897 1253 938 1321 δέ
956 1277 1052 1330 τινας

46 1360 114 1442 ἔχεις
135 1357 232 1448 παρδι
254 1360 378 1442 ταύτας
403 1364 515 1448 λέγειν
544 1362 656 1450 ἑτέρας
682 1368 748 1430 εἴτε
777 1365 935 1439 καλλίους
958 1362 1051 1426 διαλ-
1065 1389 1092 1430 ιο

41 1463 133 1550 λαγός
164 1475 231 1535 εἴτε
259 1470 484 1557 δικαιοτέρας,
513 1467 575 1538 ούκ
607 1463 651 1536 δυ
679 1466 829 1554 φθάνοις
860 1468 976 1556 φέρων
1004 1469 1053 1544 είς

41 1573 135 1654 μέσον
161 1575 219 1642 καί
241 1574 372 1663 πολλήν
396 1595 450 1644 σοι
473 1575 573 1664 χάριν
596 1584 737 1662 εἴσομαι.

8 1699 39 1750 ιιι
120 1682 231 1749 VIIII.
266 1681 365 1752 Ταῦτ’
393 1682 548 1762 είπόντος
573 1685 635 1751 τού
665 1687 877 1769 Φουφεττίου
904 1687 1052 1767 παραλα-

39 1783 102 1869 βύν
124 1785 189 1856 τὸν
212 1787 317 1875 λόγον
348 1786 366 1856 ὁ
390 1793 458 1857 τῶν
476 1787 650 1877 Ῥωμαίων
672 1785 831 1876 βασιλεὺς
853 1789 954 1869 ἔλεξε·
981 1786 1053 1854 Καὶ

39 1889 140 1980 ἡμεῖς,
176 1885 204 1960 ά
234 1897 437 1983 Φουφέττιε,
468 1900 609 1985 βαρεῖαν
646 1893 927 1982 ὑπελαμβάνομεν
964 1890 1052 1981 ἡμᾶς
1066 1919 1092 1961 ιε

39 1999 287 2088 καταλήψεσθαι
316 2000 516 2089 συμφοράν,
544 2006 576 2070 εί
605 2000 652 2070 δι’
678 2007 817 2090 αἵματος
842 2003 899 2070 καλ
931 1999 1052 2088 φόνων

39 2101 330 2195 ἀναγκασθείημεν
366 2121 480 2194 κρῖναι
515 2106 576 2176 τὸν
614 2111 760 2196 συγγενῆ
796 2106 959 2195 πόλεμον,
995 2106 1053 2174 καί

39 2209 97 2281 ὑπὸ
124 2217 196 2283 τῶν
224 2217 327 2302 ίεροδν
354 2213 456 2284 ὁπότε
485 2213 526 2283 τά
557 2216 766 2303 προπολέμια
797 2213 942 2301 θύοιμεν
973 2216 1052 2284 ἐκα-

39 2318 187 2407 λυόμεθα
207 2319 323 2409 άρχειν
342 2321 461 2410 μάχης·
484 2321 544 2402 τάς
566 2348 602 2390 τε
620 2319 833 2410 άπορρήτους
854 2323 1052 2408 Φιδηναίων

39 2427 88 2493 καὶ
107 2425 327 2497 Οὐιεντανῶν
350 2433 580 2517 συνωμοσίας,
603 2424 644 2509 δὶς
666 2426 717 2497 ἐπ’
744 2426 948 2516 άμφοτέροις
970 2424 1051 2515 ἡμῖν
1065 2431 1111 2570 εοχ

40 2533 255 2623 συνώμοσαν,
293 2533 395 2627 ὀλίγςο
432 2535 598 2624 πρότερον
631 2539 696 2604 σοῦ
731 2533 930 2622 πεπύσμεθα
961 2530 1051 2620 παρὰ

39 2643 101 2708 τῶν
129 2643 262 2710 ε’κεῒθεν
296 2643 404 2723 ξέναν
435 2645 491 2710 καὶ
525 2640 586 2710 οὐκ
618 2639 804 2729 ἀφύλακτοι
834 2638 918 2727 πρὸς
950 2636 1053 2720 αύτάς
1119 2659 1153 2692 ει

41 2747 148 2835 ε’σμεν,
180 2746 257 2817 ἀλλ’
289 2745 336 2829 ὥς
366 2757 491 2817 παθεῖν
523 2774 559 2816 τε
590 2747 697 2835 μηδὲν
730 2746 827 2817 αύτολ
861 2745 966 2816 κακὸν
998 2744 1053 2816 κά-

40 2858 166 2936 κείνους
206 2855 467 2943 τιμωρήσασθαι
506 2857 567 2940 της
601 2856 783 2942 ἐπιβουλῆς
817 2853 919 2937 άξίως
953 2879 1054 2945 παρε-

41 2964 267 3052 σκευάσμεθα,
301 2960 363 3050 οὐχ
394 2953 496 3049 ἧττόν
533 2986 568 3029 τε
605 2965 668 3029 σοῦ
704 2961 960 3032 καταλύσασθαι
991 2961 1053 3032 τὸν
1067 2985 1093 3027 25

42 3064 180 3154 πόλεμον
209 3067 355 3157 ἀμαχητὶ
383 3071 511 3155 μᾶλλον
538 3063 560 3154 ἢ
589 3065 646 3135 διδι
672 3071 742 3136 τῶν
771 3066 885 3138 ὅπλων
914 3068 1053 3156 ἐβουλό-

43 3182 132 3254 μεθα.
189 3175 349 3265 πρότεροι
387 3175 425 3243 δὲ
461 3173 707 3264 πρεσβεύεσθαι
748 3175 824 3263 περὶ
860 3175 1090 3264 διαλλαγῶν2

111 3391 243 3446 θτούτον
262 3405 317 3447 om.
332 3389 378 3444 Ba
447 3394 462 3444 7
481 3393 544 3452 ταῖς
562 3388 616 3443 del.
631 3386 770 3443 Bfioheler
838 3391 874 3442 14
891 3383 908 3442 δ
928 3387 1057 3480 βφμύλυς

46 3510 98 3563 τῶν
115 3509 136 3582 ὁ
155 3513 176 3567 Β
252 3521 285 3571 19
306 3477 468 3585 (βάδηναίυν
486 3513 509 3566 Β
582 3517 617 3567 20
636 3505 670 3576 ἃς
689 3527 743 3566 om.
762 3512 810 3568 Ba
