2408 3928
116 157 182 223 248
541 158 705 211 -Β-

116 316 181 387 νόν
206 314 299 405 ίερὸν
323 313 365 385 ού
387 317 652 388 κατεσκευάσατο
676 320 735 404 τῆς
753 314 886 396 Ἑστίας
909 312 992 384 οὐδὲ
1014 317 1122 404 ἱερείας

117 425 230 506 ἔταξεν
253 420 338 514 αὐτῇ
360 425 571 514 παρθένους,
596 426 634 493 έν
658 423 779 513 ἑκάστη
803 422 842 492 δέ
863 426 934 493 τῶν
955 420 1123 511 τριάκοντα

117 534 291 622 φρατριῶν
315 530 541 620 ἱδρυσάμενος
564 532 696 618 ἑστίαν,
719 530 773 619 ἐφ’
799 522 840 618 ἧς
862 535 971 598 έθυον
995 532 1030 598 οἱ
1050 555 1124 618 φρα-

116 654 233 728 τριεῖς,
261 639 459 726 θυηπόλους
486 636 599 708 αὐτῶν
627 642 763 727 ἐποίησε
789 636 870 719 τοὺς
893 641 963 709 τῶν
986 641 1125 726 κονριόν

77 769 90 809 ε
117 743 285 834 ἡγεμόνας
306 743 347 814 τά
369 743 448 835 παρ’
466 743 628 834 Ἕλλησιν
651 751 716 833 ἔθη
736 745 980 834 μιμησάμενος,
1002 739 1024 812 ά
1047 741 1126 832 παρὰ

79 867 85 880 “
118 867 190 934 ταῖς
213 849 448 941 ἀρχαιοτάταις
465 855 535 922 τῶν
553 851 686 922 πόλεων
706 857 754 922 ἔτι
772 857 934 938 γίγνεται.
968 849 1011 920 τά
1029 852 1126 937 μίτοι

117 959 308 1048 καλούμενα
343 973 529 1048 πρυτανεία
564 955 643 1049 παρ’
679 956 793 1038 αὐτοῖς
830 956 1008 1046 <Εστίας>
1047 957 1128 1026 ἐστὶν

118 1066 204 1153 ίερά,
226 1067 282 1134 καὶ
303 1065 527 1155 θεραπεύεται
544 1064 630 1155 πρὸς
646 1069 715 1136 τῶν
739 1064 889 1153 έχόντων
910 1065 948 1136 τὸ
973 1066 1160 1152 μέγιστονειο

118 1175 155 1242 έν
178 1187 250 1253 ταῖς
272 1172 390 1242 πόλεσι
411 1171 542 1260 κράτος.

80 1303 106 1342 10
209 1282 327 1349 LXVI.
350 1279 471 1368 Νόμας
494 1280 532 1350 δὲ
554 1279 616 1369 τὴν
640 1277 747 1369 ἀρχὴν
766 1277 972 1367 παραλαβὼν
995 1277 1054 1358 τὰς
1075 1277 1128 1365 μὲν

121 1391 210 1468 ἰδίας
238 1385 300 1456 ούκ
328 1389 460 1474 ἐκίνησε
487 1391 556 1456 τῶν
584 1391 760 1476 φρατριῶν
794 1388 918 1472 ἑστίας,
947 1385 1070 1473 κοινὴν
1097 1386 1129 1453 δὲ

119 1494 341 1582 κατεστήσατο
364 1494 503 1564 πάντων
531 1500 612 1581 μίαν
640 1497 678 1564 έν
705 1498 751 1586 τῷ
780 1491 903 1581 μεταξύ
924 1498 988 1564 τοῦ
1010 1520 1047 1564 τε
1067 1501 1127 1561 Κα-

120 1607 282 1672 πιτωλίου
312 1602 369 1672 καὶ
405 1606 467 1671 τού
499 1608 676 1671 Παλατίου
708 1607 835 1693 χωρίῳ,
872 1602 1127 1689 συμπεπολισμέ-

121 1736 193 1778 νων
217 1707 282 1797 ἤδη
305 1713 373 1779 τῶν
397 1708 515 1797 λόφων
539 1709 591 1777 ένί
613 1708 782 1800 περιβόλῳ
804 1709 860 1777 καὶ
883 1709 988 1798 μέσης
1010 1706 1128 1795 άμφοῑν

82 1833 107 1873 1⁵
124 1814 227 1902 ούσης
248 1820 307 1902 τῆς
330 1813 470 1904 ἀγορᾶς,
494 1818 531 1885 έν
554 1807 576 1904 ᾖ
598 1815 856 1885 κατεσκεύασται
879 1813 916 1884 τὸ
942 1814 1054 1904 ίερόν,
1073 1814 1127 1900 τήν

121 1949 157 1992 τε
180 1921 337 2011 φυλακὴν
359 1926 428 1991 τῶν
452 1926 553 2010 ίεροόν
580 1921 664 1992 κατὰ
689 1921 752 1992 τὸν
778 1921 923 2010 πάτριον
945 1925 1016 1991 τῶν
1040 1924 1126 1990 Λατί

121 2057 193 2100 νων
230 2029 340 2117 νόμον
377 2028 434 2097 διὰ
475 2033 671 2118 παρθένων.
702 2031 930 2117 ἐνομοθέτησε
969 2034 1127 2116 γίνεσθαι·

82 2139 190 2226 2έχει
218 2138 258 2206 δέ
282 2163 378 2217 τινας
409 2134 551 2226 ἀπορίας
582 2137 638 2204 καὶ
670 2133 710 2204 τὸ
738 2135 996 2223 φυλαττόμενον
1029 2137 1065 2206 έν
1089 2137 1126 2225 τῷ

125 2248 202 2338 ίερῷ
226 2249 262 2313 τί
283 2242 408 2330 δήποτέ
429 2245 497 2320 ἐστι
516 2245 572 2312 καὶ
596 2241 654 2311 διὰ
676 2241 716 2311 τί
726 2241 921 2332 πρόσκειται
944 2245 1128 2330 παρθένοις.

82 2377 109 2416 ιο
123 2351 212 2432 τινὲς
240 2349 302 2439 μέν
332 2343 394 2419 οὖν
424 2348 527 2419 οὐδὲν
560 2353 621 2432 ἔξω
649 2354 711 2419 τού
739 2353 891 2437 φανεροῦ
918 2348 1027 2440 πυρὸς
1053 2347 1132 2418 εἶναί

125 2479 209 2547 φασι
232 2456 271 2528 τὸ
294 2457 520 2546 τηρούμενον,
547 2455 610 2545 την
638 2457 677 2526 δὲ
704 2455 861 2546 φυλακὴν
884 2455 992 2526 αὐτοῦ
1014 2457 1129 2544 παρθέ-

124 2592 198 2644 νοις
221 2563 422 2633 άνακεῐσθαι
440 2567 571 2652 μᾶλλον
594 2561 615 2652 ἢ
635 2563 781 2653 ἀνδράσι
799 2569 979 2635 ποιοῦνται
1002 2559 1129 2634 κατὰτὸ

125 2669 230 2756 εἰκός,
258 2668 311 2739 ότι
344 2674 411 2758 πῦρ
444 2671 506 2760 μέν
534 2669 724 2758 άμίαντονφ
748 2674 921 2761 παρθένος
949 2669 980 2739 θ’
1008 2669 1130 2756 άφθαρ-

124 2804 209 2862 τον,
232 2780 277 2868 τῷ
311 2775 343 2843 θ’
370 2773 543 2870 ἁγνοτάτῳ
575 2782 644 2848 τῶν
676 2784 784 2849 θείων
810 2777 871 2848 τὸν
897 2777 1130 2866 καθαρώτατον

125 2889 194 2954 τῶν
217 2887 357 2970 θνητῶν
380 2890 493 2970 φίλον.
528 2882 641 2976 Ἑστίᾳ
661 2883 691 2953 θ’
713 2883 915 2955 ἀνακεῖσθαι
932 2883 971 2954 τὸ
994 2889 1061 2972 πύρ
1081 2907 1129 2951 νο-

127 2998 293 3082 μίζουσιν,
317 2988 368 3060 ὅτι
391 2995 434 3078 μη
452 3018 488 3060 τε
512 2983 597 3060 ούσα
619 2990 641 3080 ἡ
663 2991 745 3074 θεὸς
767 2991 903 3061 καὶτὸν
926 2992 1032 3079 μέσον
1050 2989 1129 3058 κατέ

85 2857 105 2920 3

86 2943 112 2984 25

199 3161 215 3209 2
235 3147 324 3222 αύτῆς
342 3153 417 3206 ΒοΒ
488 3157 504 3206 3
525 3153 658 3221 φρατρῶν
682 3171 705 3208 ο.
724 3153 867 3221 Kiessling
938 3157 956 3206 4
978 3147 1129 3220 κουριάνΒ

128 3227 251 3294 κουρέων
274 3226 300 3278 R
377 3229 393 3277 5
416 3216 435 3276 ά
459 3218 550 3292 παρά]
575 3219 648 3293 άπερ
675 3221 707 3280 έν
735 3241 757 3278 ο.
778 3223 901 3280 Sintenis
922 3223 984 3279 Em.
1003 3223 1082 3277 Dion.
1098 3217 1129 3272 III

129 3314 156 3364 p.
176 3302 209 3349 22
266 3299 281 3348 7
298 3289 409 3353 Ἑστίας
428 3292 490 3346 add.
506 3293 609 3346 Reiske
664 3299 680 3347 8
699 3289 717 3362 ἡ
736 3290 809 3357 θεός
821 3289 1019 3362 θεραπεύεται
1037 3310 1059 3348 ο.
1073 3293 1128 3346 Am-

129 3365 232 3419 brosch
308 3359 505 3416 9πόλεσινΒ
583 3367 614 3415 13
638 3366 809 3419 παλλαντίου
828 3365 874 3418 Bb
952 3370 986 3418 22
1006 3357 1130 3431 άνθράσιν

131 3435 240 3488 οίονται
259 3449 282 3486 e.
301 3431 442 3498 Kiossling
514 3436 547 3484 23
566 3433 724 3502 παρθένοις
741 3436 794 3488 AB
