2408 3928
580 201 745 256 -Β-

156 364 220 447 ἔφη
243 361 406 447 γενέσθαι
433 363 495 430 τοῦ
519 358 606 442 Διὸς
631 361 688 430 καί
715 366 844 448 φοιτῶν
874 366 923 442 είς
944 361 983 430 τὸ
1008 369 1146 430 Δικταῖον

156 465 250 556 ὄρος,
274 470 312 536 ἐν
335 458 364 560 ᾧ
386 472 557 555 τραφῆναι
575 467 635 537 τὸν
656 474 725 538 Δία
748 473 1007 556 μυθολογοῦσιν
1030 472 1063 537 οί
1076 473 1147 555 Κρή-

155 603 209 658 τες
240 573 305 645 ύσὸ
338 579 407 645 τῶν
423 574 626 664 Κουρήτων
663 574 808 663 νεογνὸν
841 575 940 663 ὄντα,
975 579 1146 664 κατέβαινεν

156 688 204 764 είς
226 682 264 754 τὸ
290 681 383 770 ἱερὸν
411 682 539 770 ἄντρον
565 681 724 764 καὶτοὺς
750 683 878 770 νόμους
906 686 976 752 ἐκεῖ
997 685 1176 763 συντιθείςιιε

116 816 129 858 ε
157 790 326 878 ἐκόμιζεν,
359 785 419 870 οὓς
450 787 615 877 ἀπέφαινε
646 787 736 878 παρὰ
767 795 829 860 τοῦ
857 789 944 871 Διὸς
975 789 1148 878 λαμβάνειν·

157 895 174 967 ὁ
200 896 238 965 δὲ
262 901 460 986 Λυκοῦργος
487 901 536 978 είς
558 895 717 984 Δελφοὺς
743 896 995 986 ἀφικνούμενος
1025 895 1087 967 ύιιὸ
1105 903 1148 966 τοῦ
1189 909 1191 934 ³

117 1005 137 1069 3
154 1001 364 1085 ’Λπόλλωνος
388 1008 451 1091 ἔφη
472 1001 774 1091 ἃιθάσκεσθαντήν
793 1010 1015 1091 νομοθεσίαν.
1053 1003 1089 1074 τὸ
1106 1004 1149 1091 μὲν
1189 1031 1190 1034 ’

157 1103 222 1179 ούν
244 1109 544 1199 ἀκριβολογεῖσθαι
565 1110 642 1197 περὶ
664 1113 732 1180 τῶν
759 1114 918 1197 μυθικῶν
940 1110 1149 1200 ἱστορημάτων

155 1219 211 1286 καὶ
243 1217 386 1305 μάλιστα
421 1221 491 1287 των
524 1221 572 1298 είς
602 1216 706 1298 θεούς
737 1215 1005 1306 ἀναφερομένων
1037 1221 1149 1306 μακρῶν

117 1353 143 1392 ιο
157 1327 270 1412 λόγων
290 1325 454 1413 δεόμενον
475 1321 566 1412 ὁρῶν
585 1323 684 1410 ἐάσω,
702 1320 724 1392 ἀ
745 1325 786 1392 δέ
801 1317 870 1412 μοι’
879 1329 1042 1394 δοκοῦσιν
1061 1322 1150 1411 ἀγαθὰ
1191 1327 1192 1372 ³

152 1429 310 1520 Ῥωμαῖοι
332 1437 448 1518 λαβεῖν
473 1434 510 1500 ἐκ
531 1434 590 1518 τής
609 1433 740 1500 ἐκείνου
761 1435 824 1501 τοῦ
845 1429 974 1518 ἀνδρὸς
996 1429 1105 1519 ἀρχῆς,
1120 1428 1151 1509 ὡς

157 1540 193 1606 ἐκ
210 1542 280 1608 τοῖν
304 1541 490 1627 ἐπιχωρίων
511 1543 642 1625 ἔμαθον
666 1542 825 1626 ἱστοριῶν
846 1537 1075 1627 ἀφηγήσομαι,
1090 1563 1150 1626 τιρο-

158 1643 261 1714 ειτιάν
288 1648 326 1714 ἐν
356 1649 442 1726 οἵαις
470 1644 629 1732 ἐτύγχανε
661 1660 820 1733 ταραχαῖς
846 1644 886 1714 τὰ
912 1646 1088 1734 πράγματα
1108 1649 1152 1730 τῆς

156 1751 284 1833 πόλεως
313 1751 410 1838 ὄντα,
442 1753 523 1839 πρὶν
556 1754 687 1822 ἐκεῖνον
720 1752 773 1820 ἐπὶ
800 1750 862 1839 τὴν
889 1758 1065 1838 βασιλείαν
1088 1778 1151 1838 ταρ

117 1885 142 1924 ιτ
156 1866 281 1928 ελθείν.

245 1969 346 2036 LXII.
382 1963 480 2035 Μετὰ
515 1963 578 2054 τήν
605 1963 779 2053 Ῥωμύλου
814 1965 970 2054 τελευτήν
1008 1965 1030 2055 ή
1066 1962 1151 2053 βουλή
1193 2005 1194 2022 ι

155 2077 223 2142 τῶν
253 2077 380 2142 κοινῶν
411 2074 578 2160 γενομένη
609 2078 710 2159 κυρία
741 2074 797 2142 καὶ
829 2073 956 2162 χρόνον
989 2074 1153 2156 ἐνιαύσιον,

157 2178 268 2268 ὥσπερ
300 2185 403 2268 ἔφην,
435 2184 647 2268 κατασχοῦσα
677 2178 741 2268 τήν
778 2184 982 2250 δυναστείαν
1020 2182 1154 2268 διαφέρε-

157 2297 240 2358 σθαι
266 2289 323 2356 καὶ
353 2286 542 2370 στασιάζειν
569 2285 653 2374 αύτή
685 2285 769 2375 πρὸς
796 2285 919 2375 ἑαυτὴν
947 2286 1069 2377 ήρξατο
1094 2286 1155 2370 περὶ

116 2420 143 2460 εο
156 2399 218 2465 τοῦ
240 2393 397 2475 πλείονάς
422 2399 458 2463 τε
484 2396 541 2463 καὶ
570 2403 656 2464 ίσου.
703 2393 786 2463 ὅσον
814 2394 877 2480 μὲν
906 2393 971 2482 γάρ
995 2394 1095 2484 αύτής
1114 2394 1155 2481 μέ-

157 2529 217 2590 ρος
242 2500 414 2589 Ἀλβανῶν
442 2493 485 2589 ήν
513 2497 579 2569 ἀπὸ
611 2504 680 2570 τῶν
712 2498 782 2589 ἅμα
804 2499 962 2594 Ῥωμύλῳ
990 2500 1053 2591 τὴν
1078 2499 1157 2568 ἀκοι

156 2615 235 2678 κίαν
259 2608 478 2694 στειλάντων,
506 2606 641 2695 γνώμης
669 2635 704 2678 τε
727 2607 844 2697 ἀρχειν
871 2607 967 2696 ἠξίου
989 2611 1046 2678 καὶ
1067 2609 1158 2695 τιμῶν

156 2714 215 2796 τὰς
243 2722 399 2809 μεγίστας
427 2714 613 2802 λαμβάνειν
636 2717 692 2784 καὶ
714 2714 966 2804 θεραπεύεσθαι
990 2714 1073 2804 πρὸς
1099 2717 1194 2784 τῶνιει

119 2821 350 2910 2ἐττηλύδων·
383 2826 419 2891 οί
440 2820 472 2890 δ’
497 2819 641 2908 ὕστερον
669 2826 717 2902 είς
742 2821 822 2902 τοὺς
851 2828 1049 2910 πατρικίους
1075 2847 1157 2890 κατα-

118 2960 146 3002 ετ
159 2930 344 3017 γραφέντες
367 2931 403 2998 ἐκ
424 2933 493 2998 των
517 2931 661 2998 ἐποίκων
685 2927 844 3016 οὐδεμιᾶς
867 2928 975 3022 ᾤοντο
1001 2933 1074 2998 δεῖν
1096 2927 1157 2996 ἀτε-

158 3035 348 3106 λαύνεσθαι
378 3040 475 3123 τιμής
507 3034 587 3104 οὐδὲ
614 3051 819 3124 μειονεκτεῖν
846 3040 914 3106 τῶν
943 3037 1083 3124 ἑτέρων,
1110 3031 1158 3122 μά-

157 3154 254 3214 λιστα
283 3139 314 3212 δ’
341 3140 417 3212 ὅσοι
443 3146 504 3212 τού
527 3148 689 3230 Σαβίνων
719 3143 904 3232 ἐτύγχανον
932 3143 1028 3224 ὄντες
1054 3145 1159 3230 γένους

157 3253 213 3320 καὶ
236 3247 319 3320 κατὰ
341 3247 400 3330 τὰς
423 3248 599 3336 συνθήκας
624 3248 683 3330 τὰς
710 3251 893 3338 γενομένας
910 3247 1068 3342 Ῥωμύλῳ
1089 3244 1159 3334 πρὸς

230 3415 247 3462 ὅ
267 3405 429 3478 ἐξεκόμιζεν
448 3425 471 3461 ο.
490 3408 629 3462 ΒύολιεΙει·
708 3415 742 3466 28
761 3411 810 3464 καλ
828 3411 884 3468 del.
903 3411 1027 3466 Schenkl
1044 3402 1159 3465 Bursiani

158 3478 295 3532 librorum
312 3496 376 3534 ann.
395 3478 513 3532 breviar.
533 3495 559 3546 p.
579 3485 614 3532 46
1070 3517 1074 3532 .
