2404 3918
522 262 688 312 ..Γ-

97 417 188 508 παρᾶ
215 423 400 509 Τυρρηνῶν
423 415 626 506 προσλαβων
654 423 769 511 μακρῷ
794 418 837 505 δή
864 444 932 489 που
953 418 1038 501 τοὺς
1062 419 1121 490 άλ-

99 533 180 606 λους
207 524 458 606 οἰωνοσκόπους
485 524 648 611 ἅπαντας,
676 523 722 606 ὦς
750 531 851 613 ἔφην,
878 524 1122 616 ὑπερεβάλετο,

99 636 146 711 εἰς
168 629 299 712 ἁπάσας
320 658 355 700 τε
373 629 432 712 τὰς
451 632 615 720 δημοσίας
637 634 825 713 ἐπισκέψεις
847 635 883 700 οί
902 637 962 720 τῆς
986 633 1122 715 πόλεως

100 739 341 826 οἰωνομάντεις
369 737 431 808 οὐκ
459 737 541 808 ὄντα
573 741 609 806 έκ
640 742 702 807 τοῦ
732 738 941 827 συστήματος
972 741 1122 830 παρεκά-

71 853 184 917 ελουν
207 843 312 915 αὐτὸν
336 843 393 914 διὰ
415 843 477 933 τὴν
505 846 678 932 ἐπιτυχίαν
700 849 769 914 τῶν
792 846 1038 934 μαντευμάτων
1064 852 1122 918 καί

99 948 206 1020 οὐθὲν
231 949 250 1020 ὅ
272 979 303 1020 τι
327 949 372 1039 μὴ
397 951 526 1033 δόξειεν
549 952 666 1043 ἐκείνην
688 950 888 1040 προῦλεγον.

187 1061 303 1128 LXXI.
331 1049 439 1138 Οὗτος
462 1055 480 1126 ό
500 1060 627 1144 Νέβιος
644 1060 841 1150 βουλομένῳ
859 1059 940 1128 ποτὲ
961 1065 1011 1154 τῷ
1033 1070 1120 1152 Ταρ

97 1170 204 1257 κυνίμ
226 1179 315 1255 τρεῖς
337 1162 446 1252 φυλὰς
468 1165 582 1252 ἑτέρας
604 1163 778 1248 ἀποδεῖξαι
796 1167 875 1247 νέας
897 1169 934 1235 έκ
956 1172 1028 1238 τῶν
1049 1168 1164 1259 ὑφόεο

99 1269 204 1341 αὑτοῦ
242 1271 408 1360 πρότερον
445 1273 708 1360 κατειλεγμένων
751 1276 879 1342 ἱππέων
922 1276 981 1343 καὶ
1019 1283 1119 1365 ποιῆ-

59 1407 85 1448 ιο
99 1398 156 1448 σαι
182 1377 241 1459 τάς
268 1380 445 1459 ἐπιθέτους
477 1376 587 1466 φυλὰς
619 1379 740 1449 ἑαυτοῦ
767 1406 802 1450 τε
829 1381 886 1449 καὶ
914 1385 986 1450 τῶν
1015 1388 1118 1452 ἰδίων

100 1487 242 1574 ἑταίρων
265 1485 464 1572 ἐπωνύμους
486 1484 592 1572 μόνος
614 1484 748 1554 ἀντεῖπε
770 1486 853 1556 κατὰ
875 1485 912 1557 τὸ
936 1490 1116 1578 καρτερόν,

100 1590 162 1660 οὐκ
194 1594 260 1660 ἐῶν
291 1605 400 1662 κινεῖν
431 1595 500 1661 τῶν
531 1589 597 1660 ὑπὸ
625 1589 799 1681 Ῥωμύλου
831 1599 1116 1666 κατασταθέντων

58 1702 79 1766 2
100 1696 215 1768 οὐθέν.
266 1696 455 1787 ἀχθόμενος
483 1695 515 1765 δ’
541 1698 595 1766 έπὶ
622 1701 662 1787 τῇ
690 1698 834 1769 κωλύσει
856 1702 914 1770 καὶ
937 1701 984 1770 δι’
1010 1703 1117 1792 ὀργῆς

99 1811 189 1893 έχων
212 1804 273 1875 τὸν
300 1808 431 1893 Νέβιον
461 1801 479 1876 ό
507 1803 664 1892 βασιλεὺς
689 1812 891 1894 καταβαλεῖν
922 1807 1029 1879 αὐτοῦ
1052 1809 1114 1898 τὴν

59 1944 84 1984 15
99 1913 285 2002 ἐπιστήμην
312 1918 360 1994 εἰς
386 1911 425 1982 τὸ
452 1911 560 2001 μηδὲν
587 1914 813 2003 ἐπεχείρησεν,
843 1913 887 1994 ὡς
914 1913 1113 1998 ἀλαζονευο-

98 2023 204 2108 μένου
226 2020 284 2088 καὶ
302 2019 413 2107 μηθὲν
436 2017 563 2107 άληθὲς
585 2020 750 2106 λέγοντος.
791 2024 895 2090 ταῦτα
915 2025 1113 2110 διανοηθεὶς

98 2126 207 2196 έκάλει
239 2127 301 2196 τὸν
332 2128 463 2214 Νέβιον
496 2127 549 2195 ἐπὶ
584 2124 622 2194 τὸ
655 2130 745 2214 βῆμα
781 2132 909 2197 πολλοῦ
945 2130 1111 2216 παρόντος

98 2233 202 2322 όχλου
224 2231 307 2303 κατὰ
329 2232 392 2321 τὴν
413 2231 554 2321 άροράν.
598 2235 856 2321 προδιαλεχθεὶς
883 2234 922 2303 δὲ
943 2239 1110 2326 τοῖςπερὶ

98 2339 202 2411 αὐτὸν
236 2338 281 2408 δι’
317 2331 358 2410 οὗ
393 2339 523 2427 τρόπου
554 2337 786 2425 ψευδόμαντιν
823 2337 1015 2424 ἀποδείξειν
1051 2343 1109 2414 τὸν

57 2479 83 2520 ιο
98 2445 331 2516 οἰωνοσκόπον
354 2443 603 2534 ὑπελάμβανεν,
626 2442 739 2533 ἐπειδὴ
766 2448 968 2532 παρεγένετο
992 2457 1110 2537 φιλαν-
1200 2473 1201 2484 ’

97 2554 250 2643 θρώποις
273 2551 379 2622 αὐτὸν
402 2552 590 2640 άοπασμοῖς
612 2550 804 2639 άναλαβοόν,
828 2557 919 2640 Νῦν,
943 2560 1020 2643 ἔφη,
1042 2583 1111 2625 και-

96 2661 155 2748 ρὸς
179 2663 415 2743 ἐπιδείξασθαί
434 2677 471 2728 σε
493 2657 555 2747 τὴν
579 2657 754 2748 άκρίβειαν
776 2663 837 2745 τῆς
859 2666 1021 2750 μαντικῆς
1044 2666 1111 2733 έπε-

97 2769 237 2858 στήμης,
275 2759 301 2836 ά
337 2770 451 2854 Νέβιε.
505 2766 622 2855 πράξει
663 2765 725 2855 γάρ
769 2768 947 2854 έπιχειρείν
984 2771 1111 2862 μεγάλη

97 2875 357 2963 διανοούμενος,
385 2880 416 2943 εἰ
441 2872 479 2943 τὸ
509 2871 657 2943 δυνατὸν
688 2870 772 2962 αὐτῇ
800 2873 959 2960 πρόσεστι
986 2887 1111 2964 μαθεῖν

55 3015 81 3055 ιε
95 2984 271 3072 βούλομαι.
330 2978 406 3050 ἀλλ’
446 2981 546 3050 άπιθι
587 2982 644 3049 καὶ
687 2980 1018 3070 διαμαντευσάμενος
1053 2979 1112 3072 ἧκε

56 3095 234 3180 3ταχέως,
263 3087 328 3177 έχά
357 3087 388 3156 δ’
414 3087 542 3159 ἐνθάδε
564 3089 759 3176 καθήμενος
788 3085 955 3175 άναμευῶ.
1002 3092 1153 3160 έποίεισει

94 3198 135 3268 τδι
157 3197 361 3285 κελευόμενα
385 3194 403 3264 ὁ
427 3194 546 3282 μάντις
571 3195 627 3262 καὶ
655 3192 724 3282 μετ’
752 3190 793 3262 οὐ
815 3194 902 3263 πολὺ
924 3200 1038 3284 παρῆν
1062 3205 1111 3267 αἰ

169 3397 234 3472 {ve
253 3389 307 3442 AB
362 3395 394 3474 ρ’ί
414 3385 551 3511 ν<έ>1βιος
568 3388 591 3441 Β
609 3387 715 3474 μαεμίαι
792 3384 882 3458 θόρ’
901 3384 1033 3475 αὖτοῦΒ
1057 3389 1109 3448 ὑπ’
1199 3377 1200 3388 ¹

97 3455 186 3514 αὐτου
206 3460 232 3513 R
305 3465 335 3512 11
357 3455 461 3524 ετέρωυ
525 3461 528 3527 Ι
549 3477 687 3527 κρατερον
706 3459 731 3512 Α
807 3465 841 3514 23
860 3461 963 3529 πραξιν
983 3461 1006 3516 Ο
1030 3481 1108 3533 prae-

96 3531 141 3582 ter
159 3531 182 3582 B
198 3528 202 3598 Ι
219 3524 343 3596 μεγάλην
364 3527 386 3581 Ο
405 3528 558 3595 μαεελεεΒ
630 3535 663 3584 26
683 3523 816 3598 άναμένω
835 3531 860 3584 Α
