2408 3928
468 221 632 276 -B-
992 221 1057 290 199

59 383 117 450 τόν
136 381 316 469 παρθένων
334 381 390 450 καλ
413 380 454 450 τὰ
471 382 547 471 περί
569 407 649 463 τους
671 381 801 471 γάμους
824 387 872 464 είς
894 380 953 464 τὰς
975 390 1056 472 πλη-

61 486 227 576 σιοχόρονς
244 486 369 574 πόλεις,
388 491 426 556 αἱ
441 486 504 576 μέν
523 484 605 557 αὐτὸ
627 485 666 556 τὸ
684 487 838 578 πραχθὲν
851 488 935 578 πρὸς
949 485 1057 577 ὀργὴν

62 593 249 681 ἐλάμβανον,
279 597 317 662 αί
339 591 369 662 δ’
391 592 450 681 ἀφ’
473 585 512 680 ἦς
535 594 687 683 έπράχθη
717 595 903 677 διαθέσεως
930 597 986 665 καλ
1009 599 1058 678 είς

64 695 180 780 δτέλος
202 698 371 790 έχολρησεν
395 698 673 790 ἀναλογιζόμεναι
702 707 842 791 μετρίως
870 700 952 773 αὐτὸ
983 707 1058 790 ἔφε-

64 833 121 893 ρον,
158 809 343 896 κατέσκηψε
366 805 398 875 δ’
416 799 479 877 οὖν
498 806 564 878 ἀνὰ
582 809 710 897 χρόνον
729 814 777 890 είς
795 811 963 898 πολέμους
979 808 1059 890 τοὺς
1084 836 1098 879 ε

64 912 111 999 μλν
127 911 248 994 ἀλλους
266 912 424 1001 εὐπετεῖς,
444 915 504 984 ἕνα
523 913 561 986 δὲ
579 913 640 984 τὸν
659 913 744 1004 πρὸς
757 921 931 1003 Σαβίνους
952 917 1059 1003 μέγαν

61 1021 105 1088 καλ
128 1020 286 1108 χαλεπόν·
324 1015 375 1102 οἷς
401 1018 504 1090 ἀπασι
532 1021 628 1102 τέλος
654 1021 931 1110 ἐπηκολούθησεν
963 1019 1059 1090 εύτυ·

63 1129 116 1212 χές,
141 1125 252 1217 ὥσπερ
284 1125 374 1220 αὐτῷ
402 1126 443 1196 τὰ
475 1127 689 1215 μαντεύματα
720 1131 945 1218 προεθέσπισε
976 1128 1058 1216 πρὶν

67 1234 249 1322 ἐπιχειρῆσαι
272 1238 318 1328 τῷ
343 1239 428 1326 ἔργῳ
451 1233 580 1315 πόνους
598 1234 660 1323 μὲν
683 1237 740 1304 καλ
757 1235 942 1315 κινδύνους
960 1233 1059 1322 μεγά-

25 1346 132 1420 αοαλους
152 1347 442 1429 προσημαίνοντα,
464 1339 523 1422 τάς
547 1339 584 1410 δὲ
605 1339 765 1422 τελευτὰς,
784 1339 896 1412 αὐτῶν
920 1346 1059 1410 ἔσεσθαι
1074 1370 1100 1411 ιο

62 1447 154 1527 καλός.
199 1439 288 1535 ἦσαν
313 1446 350 1516 δὲ
374 1450 411 1516 αἱ
431 1451 559 1537 πρῶται
582 1447 698 1529 πόλεις
720 1447 862 1538 ἀρξασαι
890 1452 952 1518 τοῦ
974 1444 1099 1535 πρός2

61 1551 148 1621 αὐτόν
175 1556 324 1642 πολέμου
352 1560 501 1642 Καινίνη
533 1555 588 1623 καλ
606 1553 775 1643 ’Ἄντεμνα
806 1555 862 1625 καί
886 1561 1058 1641 Κρουστο-

61 1661 173 1748 μέρεια,
199 1659 373 1748 πρόφασιν
402 1661 463 1749 μὲν
491 1658 692 1748 ποιούμεναι
719 1658 782 1748 τὴν
812 1659 967 1749 ἁρπαγὴν
990 1663 1058 1730 τεόν

59 1769 226 1852 παρθένων
252 1768 309 1836 καὶ
336 1766 375 1836 τὸ
404 1765 448 1856 μὴ
477 1771 594 1854 λαβεῖν
622 1764 707 1855 ὑπὲρ
735 1765 848 1838 αὐτῶν
877 1771 987 1854 δίκας,
1015 1764 1060 1848 ὡς

61 1870 90 1939 δὲ
109 1871 250 1960 τάληθές
272 1872 360 1963 εἶχεν
384 1872 574 1963 ἀχθόμεναι
596 1878 636 1963 τῇ
660 1879 764 1942 κτίσει
788 1901 822 1943 τε
842 1875 898 1944 καλ
922 1871 1101 1962 αὐξήσεται

60 1981 106 2064 τῆς
131 1977 256 2068 Ῥώμης
297 1979 343 2049 δι’
379 1977 498 2068 ὀλίγον
538 1984 645 2068 πολλῇ
687 1983 853 2069 γενομένη
900 1980 956 2048 καλ
999 1977 1061 2048 οὐκ

60 2080 197 2166 ἀξιοῦσαι
226 2090 391 2176 περιιδεῖν
419 2084 539 2156 κοινὸν
568 2087 620 2155 έπλ
647 2099 719 2166 τοῖς
745 2090 928 2173 περιοίκοις
957 2083 1061 2154 ἀπασι

59 2190 148 2260 κακόν
176 2192 362 2280 φυόμενον.
407 2195 489 2273 τέως
520 2192 582 2282 μὲν
615 2183 679 2262 οὖν
712 2190 796 2279 πρὸς
827 2190 866 2260 τὸ
897 2187 1101 2278 Σαβίνων3

60 2303 149 2381 ἔθνος
178 2299 445 2370 ἀποστέλλουσαι
477 2302 633 2389 πρέσβεις
664 2301 814 2379 ἐκείνους
846 2295 966 2386 ἠξίουν
998 2294 1060 2384 τὴν

60 2401 228 2495 ἡγεμονίαν
259 2411 321 2477 τοῦ
353 2407 504 2495 πολέμου
534 2412 745 2496 παραλαβεῖν
777 2405 875 2493 ίσχύν
906 2431 943 2474 τε
970 2411 1059 2492 μεγί·
1075 2425 1102 2465 2⁰
1188 2443 1189 2452 ι

60 2531 129 2599 στην
151 2519 289 2603 ἔχοντας
310 2515 367 2583 καλ
390 2513 535 2603 χρήμασι
559 2519 688 2582 πλείοσι
711 2513 925 2600 δυναμένους
942 2510 1060 2601 ἀρχειυ

60 2645 86 2686 τε
105 2619 279 2703 ἀξιοῦντας
301 2625 369 2690 τῶν
392 2618 636 2708 πλησιοχώρων
659 2620 715 2688 καὶ
734 2617 796 2688 οὐκ
818 2617 974 2706 έλόχιστα
991 2622 1061 2688 τῶν

60 2721 157 2796 ἀλλων
193 2729 514 2818 περιυβρισμένους·
556 2730 625 2795 τόν
662 2724 727 2814 γὰρ
764 2721 989 2814 ἡρπασμένων
1027 2729 1064 2793 αλ

60 2838 180 2915 πλείους
201 2826 290 2922 ἦσαν
314 2835 462 2903 ἐκείνων.

61 2993 174 3050 οεοεὶοοε
183 2995 228 3066 (Τ)
236 2994 311 3066 apud
317 2992 462 3050 Valesium
473 2992 507 3049 ef.
518 3011 544 3063 p.
558 2998 643 3062 188,1
700 2998 716 3046 2
732 2989 765 3046 αἱ
777 2990 830 3062 μὲν
849 2992 1007 3048 σκοποῦσαι
1015 2993 1061 3048 vel

63 3057 236 3138 ἐννοούμενοι
252 3060 323 3121 αύτό
339 3081 362 3119 ο.
372 3064 476 3120 Reiske
488 3065 493 3137 Ι
504 3059 575 3134 πρὸς
589 3059 678 3134 ἀρχὴν
693 3063 744 3117 ΒΤ
764 3058 804 3117 δι’
820 3058 940 3134 όργῆςΙλ
994 3062 1062 3126 θείς

63 3125 177 3202 ὃτέλους
194 3138 241 3193 Ba
268 3134 308 3201 είς
331 3131 348 3192 ὃ
372 3135 451 3198 τέλος
468 3135 544 3191 BbT
573 3133 614 3198 είς
636 3132 759 3198 τέλοςΒ
831 3131 1061 3204 8προνθέσπισε

62 3207 145 3262 malim
219 3214 254 3264 12
273 3209 388 3277 καινίνη
410 3207 482 3262 ABa
509 3201 615 3276 κενήνη
639 3205 684 3260 Bb
712 3207 815 3280 κανίνη
839 3207 864 3260 Δ
891 3203 1033 3274 κησίνηΤ
1055 3205 1060 3275 λ

63 3271 172 3350 ἀττέμτα
192 3283 216 3335 A
235 3274 373 3349 ἀντεμκαι
391 3279 437 3334 Ba
455 3277 504 3333 καλ
523 3272 605 3332 ἀλλαι
623 3277 646 3332 Τ
663 3278 668 3345 Ι
683 3274 888 3347 κρονστομέρια
907 3277 953 3331 Ba
977 3293 1061 3344 κρου-

64 3354 177 3420 οεομερία
195 3353 221 3406 R
245 3349 342 3420 ὃδορλι.
366 3351 431 3420 Byz.
459 3368 479 3406 ε.
503 3367 530 3405 v.
558 3350 771 3419 Κρουστομερία
846 3353 879 3404 lb
897 3340 1063 3416 ἀχθόμεναι

64 3417 103 3474 B'r
119 3423 212 3478 om.R
277 3427 312 3476 16
331 3422 418 3493 πολλῇ
438 3419 578 3492 γενομένη
597 3421 664 3474 Ru.
676 3417 851 3545 χινομένηΒ
914 3423 948 3472 21
963 3419 1061 3472 πλεῖον

65 3506 83 3544 ο.
99 3491 258 3564 Stephanus,
278 3492 401 3562 Sylburg
419 3495 549 3547 πλεῖστον
568 3490 657 3546 Cobet
699 3491 740 3544 bs.
760 3508 787 3558 p.
807 3494 841 3542 47
