2396 3918
468 233 633 287 „B-

54 390 201 478 πάσχωσι,
235 395 304 460 τῶν
337 397 436 462 ίδίων
473 401 577 462 νίκων
612 395 668 462 καλ
687 393 966 482 ’ἐνδιαιτημάτων
998 394 1058 476 τάς

54 497 235 586 καταφυγάς
266 495 430 588 ὑπάρχειν
469 502 537 569 τινὶ
569 499 784 582 άκινδύνονς.
840 505 962 589 σχολῆς
992 501 1097 591 γάρ3

54 603 237 694 άνθρῶποις
254 610 359 675 ταῦτα
382 606 438 675 καὶ
462 605 637 697 ῥᾳστώνης
658 612 745 694 βίων
768 604 934 695 εὑρῆσθαι
952 634 1058 698 παρα-

14 712 168 799 κιομύθια,
192 710 272 800 μεθ’
299 704 348 782 ῶν
372 713 449 782 οὔτε
471 712 510 782 τὸ
533 715 754 802 ἐπιβουλεῦον
777 718 846 785 τῶν
872 717 973 797 πέλας
994 741 1058 785 κω-

54 819 181 888 λύεσθαι
210 817 255 907 μὴ
285 817 326 888 ού
354 817 506 908 πονηρὸν
534 817 621 890 εἶναι
650 818 721 890 οὔτ’
748 823 785 890 ἐν
814 824 860 914 τῷ
884 818 1084 914 άκινδύνιμι

53 927 217 1013 βεβηκέναι
239 935 386 1015 θαρρεῖν
407 926 446 996 τὸ
471 927 791 1016 ἐπιβουλευόμενον,
819 927 919 997 πόλιν
942 955 977 996 τε
1000 927 1056 998 ού-

55 1036 156 1120 δεμίαν
195 1058 247 1101 πω
283 1032 417 1114 τούτοις
453 1035 768 1122 ἐκλαμπρυνθεῖσαν
805 1034 858 1104 ἐπὶ
895 1034 1058 1123 μήκιστον

57 1135 226 1227 εὐδαίμονα
252 1141 414 1226 γενέσθαι
446 1140 503 1209 καὶ
530 1140 695 1229 μεγάλην,
729 1137 803 1210 οὐδ’
830 1131 874 1210 αὖ
901 1140 990 1227 παρά
1018 1140 1056 1211 τὸ

56 1243 89 1332 μὴ
106 1260 220 1335 τυχεῖν
243 1246 320 1315 τινὰ
342 1249 550 1336 κατασκευῆς
573 1253 661 1328 ίδίας
682 1274 717 1316 τε
736 1249 792 1317 καλ
814 1253 977 1336 δημοσίας
998 1274 1057 1317 πο-

53 1357 196 1434 λυτελοῦς
231 1357 445 1432 κεκωλῦσθαι
478 1354 628 1442 μεγάλην
660 1357 820 1442 γενέσθαι
857 1357 912 1424 καὶ
945 1352 1057 1425 εύδαί
1070 1390 1099 1431 10

51 1483 137 1544 μονα·
181 1457 255 1529 ἀλλ’
287 1461 381 1548 ἕτερα
418 1459 506 1530 εἶναι
542 1463 582 1530 τδι
620 1462 770 1544 στάζοντα
786 1463 856 1549 Ικαὶ
893 1466 1057 1532 ποιοῦντα

51 1565 183 1652 μεγάλας
206 1569 243 1636 ἐκ
266 1571 396 1655 μικρῶν
419 1565 478 1650 τάς
501 1567 627 1650 πόλεις·
660 1572 697 1638 ἐν
725 1569 787 1658 μέν
810 1583 880 1650 τοῖς
907 1567 1098 1651 ὀθνείοις4

48 1674 194 1761 πολέμοις
221 1675 260 1744 τδ
289 1672 346 1742 διά
368 1678 439 1744 τῶν
463 1673 577 1744 ὅπλων
599 1675 736 1766 κράτος,
766 1679 866 1745 τοῦτο
891 1675 928 1744 δέ
950 1676 1056 1766 τύλμη

48 1786 286 1869 παραγίνεσθαι
308 1783 365 1849 καὶ
389 1782 519 1872 μελέτη,
543 1785 580 1851 ἐν
604 1782 642 1850 δέ
665 1796 737 1863 ταίς
759 1785 934 1870 ἐμφυλίοις
956 1809 1056 1872 ταρα-

47 1899 110 1973 χαῖς
130 1887 195 1976 τιΙν
218 1893 287 1958 τῶν
306 1891 577 1977 πολιτευομένων
598 1886 852 1977 ὁμοφροσύνην,
870 1889 997 1977 ταύτην
1018 1889 1056 1958 δέ
1070 1919 1097 1963 ιε

47 1993 98 2062 τὸν
133 1999 297 2084 σῶφρονα
333 1997 389 2064 καὶ
423 2000 556 2065 δίκαιον
594 1997 736 2065 ἑκάστου
771 2001 850 2083 βίον
881 1994 1055 2084 άπέιγηνεν

11 2102 252 2172 κείκανῶτατον
271 2101 418 2195 δυνατῷ
436 2105 541 2195 κοινῷ
556 2116 748 2191 παρασχεῖν.
780 2099 859 2184 τούς
878 2101 921 2190 δὴ
938 2103 978 2170 τά
997 2126 1056 2170 πο·
1074 2108 1095 2176 5

46 2209 134 2296 λέμιά
152 2234 188 2277 τε
203 2207 394 2289 άσκοῶντας
408 2210 464 2278 καὶ
480 2209 548 2294 [τά]
563 2213 632 2278 τῶν
646 2211 838 2297 ἐπιθυμιῶν
851 2213 1057 2298 κρατοῦντας

47 2312 157 2403 άριστα
184 2329 324 2404 κοσμεῖν
356 2314 416 2397 τάς
449 2317 579 2385 ἑαυτῶν
607 2321 769 2405 πατρίδας
794 2320 884 2403 τείχη
911 2341 946 2385 τε
973 2312 1055 2383 άνά-

46 2428 126 2489 λωτα
160 2425 207 2515 τῶ
244 2427 350 2516 κοινῶ
387 2425 443 2491 καί
475 2421 671 2510 καταγωγὰς
706 2435 777 2502 τοῖς
809 2423 936 2490 ἑαυτῶν
968 2427 1056 2508 βίοις
1069 2455 1096 2496 ιο

48 2525 198 2616 άσφαλεϊς
221 2528 363 2609 τούτους
386 2526 475 2598 εἶναι
497 2528 577 2610 τοὺς
599 2529 964 2617 παρασκευαζομένους·
995 2555 1054 2616 μα-

49 2632 139 2720 χητάς
158 2637 198 2703 δέ
214 2662 253 2722 γε
270 2635 328 2704 καὶ
341 2621 500 2716 ’δικαίους
518 2634 646 2725 άνδρας
664 2637 720 2704 καὶ
739 2634 799 2716 τὰς
816 2633 919 2716 άλλας
936 2632 1056 2723 άρετύις

50 2741 297 2829 ἐπιτηδεύοντας
327 2739 365 2811 τὸ
398 2745 457 2829 τῆς
490 2750 656 2823 πολιτείας
693 2745 803 2831 σχῆμα
839 2755 949 2811 ποιείν
985 2756 1056 2822 τοῖς

51 2854 213 2938 φρονίμως
230 2846 314 2918 αὐτὸ
335 2850 650 2937 καταστησαμένοις,
669 2848 866 2936 μαλθακούς
882 2875 918 2917 τε
937 2841 981 2918 αύ
1000 2849 1056 2917 καλ

51 2957 236 3036 πλεονέκτας
262 2957 319 3024 καὶ
352 2954 499 3036 δούλους
531 2960 680 3045 αίσχρῶν
707 2959 897 3044 ἐπιθυμιῶν
929 2955 970 3024 τά
998 2982 1054 3026 πο·
1069 2987 1096 3030 ιε

113 3147 206 3206 δάνθ
206 3153 331 3222 ρωπίνης
353 3150 376 3205 Β
402 3154 407 3222 Ι
433 3153 502 3223 βίων
519 3152 566 3207 Bb
592 3153 657 3223 βίον
679 3152 756 3208 ΑΒο
780 3151 785 3223 Ι
815 3146 961 3242 εὑρῆσθαι
979 3152 1055 3208 ABa

53 3213 175 3286 εὑρέσθαι
193 3223 239 3278 Bb
255 3224 267 3308 Ι
277 3225 450 3293 παραμυθία
469 3224 494 3277 Α
517 3224 706 3350 παραμυθίαν
724 3225 750 3278 Α
822 3229 840 3278 4
862 3223 900 3278 τῶ
923 3221 1055 3285 πέλαςΔ

84 3296 112 3346 12
129 3289 160 3349 ἐκ
178 3295 287 3380 μικρῶν
306 3311 360 3349 om.
380 3295 427 3349 Ba
442 3293 447 3366 Ι
463 3295 570 3364 μικρῶν
589 3293 726 3365 γενέσθαι
745 3294 768 3348 Β
847 3300 880 3348 14
899 3296 1054 3364 παραγίνε-

55 3363 128 3417 ταιΒ
181 3371 215 3422 18
233 3361 270 3420 τά
290 3364 313 3420 Ο
333 3364 387 3421 del
407 3366 510 3420 Reiske
569 3372 604 3421 20
622 3367 671 3421 καλ
690 3360 899 3436 καταγωγὰς
872 3386 910 3418 τω
897 3365 1054 3440 κοινῶΒ

76 3433 241 3562 λΙΙτούςΒ-
264 3437 578 3508 καταστησαμένουςο.
603 3436 691 3493 Oobet
715 3438 780 3493 Obs.
798 3456 825 3507 p.
844 3441 879 3490 40
952 3442 987 3493 25
997 3420 1055 3492 καλ

57 3521 88 3556 W
137 3528 167 3563 το
