2404 3918
536 225 702 277 ..Γ-

108 395 183 461 τοῑς
212 380 358 469 ἀνδράσι
394 383 471 470 περὶ
503 379 608 452 αὐτοῦ
644 387 778 472 πρῶτον
814 383 1126 471 διαμαντεύσασθαι

109 492 172 558 τοῦ
195 489 312 576 τόπου,
335 495 385 569 τίς
408 489 675 576 ἐπιτηδειότατός
697 493 767 559 ἐστι
790 494 849 579 τῆς
868 490 996 572 πόλεως
1019 496 1127 581 χῶρος

110 594 202 684 ίερὸς
228 594 387 674 ἀνεῖσθαι
414 597 470 665 καὶ
501 611 572 677 τοῖς
602 605 698 677 θεοῖς
726 595 841 678 αὐτοῖς
868 597 1010 685 μάλιστα
1032 625 1126 686 κεχα-

110 705 279 790 ρισμένος.
318 701 572 786 ἀποδειξάντων
601 703 632 772 δ’
658 702 771 774 αὐτῶν
801 703 862 774 τὸν
885 703 1167 793 ὑπερκείμενον4

108 814 169 897 τῆς
196 807 323 899 ἀγορᾶς
349 810 475 899 λόφον,
506 808 545 892 ὃς
570 811 645 881 τότε
677 811 739 899 μὲν
766 814 914 881 ἐκαλεῖτο
946 811 1153 901 Ταρπήιος,τ

108 921 176 986 νῦν
209 917 248 986 δὲ
275 925 523 1005 Καπιτωλῖνος,
555 911 658 1000 αὖθις
694 922 867 988 ἐκέλευσεν
900 917 1023 999 αὐτοὺς
1054 923 1126 987 δια-

109 1026 405 1112 μαντευσαμένους
437 1029 542 1094 εἰπεῖν
574 1027 613 1094 έν
643 1021 748 1117 δποίφ
780 1029 842 1094 τοῦ
874 1023 985 1113 λόφου
1014 1031 1126 1116 χωρίφ

109 1133 238 1200 θέσθαι
268 1131 381 1220 δεήσει
411 1129 490 1211 τοὺς
521 1137 709 1218 θεμελίους.
763 1136 863 1201 τοῦτο
896 1131 935 1200 δὲ
963 1130 1004 1200 οὐ
1035 1131 1126 1200 πάνυ

110 1235 232 1328 ῥᾴδιον
255 1229 313 1326 ἦν·
336 1238 456 1307 πολλοὶ
478 1236 543 1327 γάρ
566 1230 654 1327 ἦσαν
678 1241 715 1308 έν
734 1237 824 1332 αὐτῷ
846 1240 956 1327 βωμοὶ
974 1241 1068 1306 θεάν
1090 1264 1126 1307 τε

109 1346 166 1412 καὶ
193 1345 369 1432 δαιμόνων
402 1343 519 1432 ὀλίγον
552 1343 731 1433 ἀπέχοντες
762 1343 933 1434 ἀλλήλων,
966 1343 1026 1426 οὓς
1058 1349 1125 1414 ἔδει
1140 1367 1167 1408 10

109 1449 266 1538 μετάγειν
290 1453 433 1541 ἑτέρωσέ
445 1475 518 1538 ποι,
540 1454 596 1520 καὶ
615 1455 684 1522 πᾶν
698 1450 889 1523 ἀποδοῦναι
908 1456 954 1545 τῷ
969 1454 1125 1541 μέλλοντι

49 1572 187 1638 σεστοῑς
207 1568 305 1640 θεοῖς
323 1561 452 1647 τεμένει
468 1558 674 1646 γενήσεσθαι
695 1557 734 1629 τὸ
754 1558 912 1629 δάπεδον.
962 1561 1056 1642 ἔδοξε
1083 1558 1124 1646 δὴ
1144 1557 1165 1622 5

107 1679 180 1746 τοϊς
204 1665 427 1748 οἰωνοπόλοις
449 1663 533 1754 ὑπὲρ
558 1665 699 1736 ἑκάστου
724 1671 842 1754 βωμοῦ
869 1671 937 1736 τῶν
960 1671 1124 1752 καθιδρυ-

109 1776 224 1860 μένων
247 1776 605 1863 διαμαντευσαμένοις,
635 1773 694 1843 έάν
717 1777 963 1862 παραχωρῶσιν
992 1777 1028 1842 οί
1047 1775 1125 1842 θεοὶ

107 1877 185 1948 τότε
212 1895 320 1950 κινεῖν
348 1879 479 1963 αὐτούς.
531 1885 566 1950 οί
591 1880 653 1969 μὲν
687 1872 751 1949 οὖν
777 1879 875 1949 ἀλλοι
902 1885 984 1948 θεοί
1007 1906 1043 1948 τε
1069 1879 1125 1947 καὶ
1140 1903 1166 1943 ιτ

109 1990 271 2074 δαίμονες
292 1989 477 2077 ἐπέτρεψαν
500 1985 614 2067 αὐτοῖς
637 1991 684 2067 είς
707 1987 803 2073 ἔτερα
832 1992 938 2073 χωρία
959 1988 1038 2066 τοὺς
1061 1992 1125 2072 βω-

109 2092 195 2182 μοὺς
219 2098 316 2182 σφῶν
340 2097 555 2184 μεταφέρειν,
584 2098 619 2165 ολ
646 2093 684 2162 δὲ
709 2095 772 2162 τοῦ
798 2095 968 2183 Τέρμονος
989 2096 1045 2161 καὶ
1067 2096 1126 2180 τῆς

109 2199 283 2288 Νεότητος
303 2200 411 2270 πολλά
434 2203 716 2290 παραιτουμένοις
744 2214 814 2280 τοῖς
837 2200 975 2288 μάντεσι
998 2201 1054 2268 καὶ
1076 2207 1125 2267 λι-

108 2311 279 2395 παροῦσιν
303 2306 365 2378 οὐκ
388 2309 595 2396 ἐπείσθησαν
619 2305 694 2376 οὐδ’
719 2305 904 2394 ἠνέσχοντο
928 2309 1125 2393 παραχωρῆ-

110 2434 167 2483 σαι
190 2418 259 2483 τάυ
282 2413 404 2483 τόπων.
449 2416 621 2503 τοιγάρτοι
645 2413 990 2503 συμπεριελήφθησαν
1012 2410 1125 2480 αὐτῶν
1140 2435 1167 2476 εο

110 2525 148 2590 οί
172 2521 280 2610 βωμοὶ
306 2525 347 2611 τῇ
374 2526 560 2612 κατασκευῇ
592 2527 661 2592 τῶν
690 2525 806 2609 ἱερῶν,
838 2521 894 2588 καὶ
922 2524 988 2588 νῦν
1016 2515 1034 2588 ὁ
1063 2517 1125 2605 μὲν

110 2625 224 2715 ἕτερός
245 2630 338 2697 ἐστιν
361 2630 398 2696 έν
421 2632 466 2721 τῷ
489 2628 629 2721 προνάφ
654 2633 714 2716 τῆς
733 2626 890 2715 Ἀθηνᾶς,
914 2623 931 2694 δ
957 2623 988 2692 δ’
1014 2626 1127 2713 ἕτερος

109 2737 149 2804 έν
173 2732 263 2827 αὐτῷ
286 2738 331 2827 τῷ
356 2739 446 2828 σηκῷ
469 2741 613 2823 πλησίου
640 2739 702 2804 τοῦ
731 2737 838 2814 ἕδους.
883 2736 919 2802 ἐκ
943 2732 981 2802 δέ
1003 2732 1126 2802 τούτου
1145 2729 1165 2794 6

109 2843 302 2929 συνέβαλον
326 2844 361 2911 ολ
381 2840 531 2928 μάντεις,
556 2839 608 2910 ότι
631 2845 691 2928 τῆς
707 2839 881 2929 Ῥωμαίων
899 2840 1028 2920 πόλεως
1049 2839 1126 2908 οὔτε

109 2946 190 3028 τοὺς
209 2945 312 3035 ὅρους
330 2947 542 3035 μετακινήσει
559 2946 676 3036 καιρὸς
695 2945 812 3028 οάθεὶς
834 2946 912 3016 οὔτε
930 2945 993 3034 τὴν
1016 2945 1125 3035 άκμὴυ
1140 2968 1167 3009 ει

110 3061 303 3143 μεταβαλεῖ·
333 3055 390 3123 καὶ
417 3057 511 3143 μέχρι
543 3058 612 3125 τῶν
643 3052 714 3122 κατ’
745 3053 802 3142 έμδ
834 3053 968 3142 χρόνων
1000 3051 1126 3140 ἀληθὲς

185 3222 199 3270 1
219 3221 279 3278 τοῖς
295 3211 389 3283 ἀυδρ
371 3233 419 3270 ααι
436 3216 554 3272 fortasse
568 3214 719 3270 delendum
737 3215 781 3270 est
841 3219 857 3268 6
876 3219 1067 3277 καπετωλινος
1081 3216 1127 3270 Βε.

112 3292 146 3342 11
162 3282 311 3444 τίὲμιέλλου
318 3293 384 3413 ²thole
396 3285 608 3414 θοεὲῑςδτέμὲνος
621 3281 795 3412 γῑγᾶᾖοεὲθαι
809 3281 936 3412 δογῖεδον
949 3286 995 3412 Βοε
1047 3282 1128 3412 ΙΑλΒτρ

110 3374 166 3414 om
260 3377 317 3429 αμα
350 3376 404 3428 ep
491 3376 644 3413 ακεουε.
885 3375 937 3412 ουν
986 3375 1023 3412 m.

112 3429 390 3515 11σφάνοια.Βο
476 3435 509 3484 18
533 3425 758 3514 μαντεόμασιΑ
840 3434 873 3483 19
897 3423 1051 3498 ἀνέσχοντο
1075 3430 1127 3484 ΑΒ

111 3509 146 3558 22
165 3495 293 3570 προυάωι
311 3502 336 3554 A
407 3505 442 3556 26
461 3519 532 3571 μετα
533 3494 687 3574 βάλ<η>Β
