2396 3918
557 239 723 292 ..Α-

131 396 315 486 ἀσφαλείας
337 426 372 468 τε
395 401 450 468 καί
473 404 542 469 τῶν
564 399 651 488 πρὸς
677 399 757 480 τοὺς
779 398 883 480 θεοὺς
907 396 1008 469 ὁσίων
1031 399 1123 488 ἕνεκα)

132 503 242 575 οόκέτι
263 506 404 598 προσῄει
427 521 498 588 τοῖς
521 511 635 598 ίεροῖς,
665 506 749 576 ἀλλά
773 505 830 575 διά
852 511 921 576 τῶν
945 506 1053 576 ἀλλων
1073 507 1125 592 ε’γί-

130 639 208 682 νετο
235 616 436 700 παρθένων,
465 608 518 694 αίς
544 613 583 682 τὸ
611 611 693 682 αὐτὸ
722 616 915 701 προσέκειτο
944 604 1056 701 ἔργον,
1077 609 1126 680 ὅσα

131 728 338 811 λειτουργεῖν
362 724 496 808 ἐκείνην
519 723 598 789 ἔδει.

92 863 105 903 ⁵
221 847 401 916 LXXVIII.
430 844 583 934 Ἀμόλιος
607 844 645 913 δὲ
668 854 733 914 είτε
755 843 838 914 κατδι
864 845 926 932 τὴν
949 847 1128 930 συνείδησιν

129 955 198 1019 τῶν
229 955 452 1040 πραχθέντων
485 961 550 1021 είτε
581 949 728 1042 ὑπονοίᾳ
763 955 832 1021 τῶν
869 950 1010 1021 είκότων
1045 974 1128 1038 προα-

129 1058 225 1145 χθείς
253 1062 395 1144 ἔρευναν
424 1061 567 1127 ἐποιεῖτο
594 1062 654 1146 τῆς
681 1064 823 1146 χρονίου
852 1062 920 1126 τῶν
945 1061 1046 1144 ίεράν
1068 1055 1130 1125 ἀπο

130 1162 286 1249 στάσεως,
310 1163 392 1233 κατά
413 1171 490 1234 τίνα
512 1171 640 1251 γίνεται
663 1162 796 1253 μάλιστ’
818 1169 929 1233 αίτίαν
953 1162 1087 1253 ίατροός
1105 1189 1130 1231 τε
1184 1169 1185 1188 ³

131 1265 181 1350 οίς
195 1270 523 1358 μαλισταέστευεν
538 1273 729 1359 εἰσπέμπων
743 1271 799 1340 καὶ
801 1271 995 1360 ,ἐπειδὴ
958 1299 1024 1360 την
1042 1271 1132 1341 νόσον

89 1395 116 1435 1⁰
130 1381 168 1446 αί
187 1393 343 1463 γυναῖκες
366 1377 559 1468 ἀπόρρητον
577 1377 814 1467 ἀνθριόποις’
796 1383 939 1469 ητιοόντο
964 1377 1111 1464 εἶναι,
1082 1403 1132 1463 την

88 1465 251 1553 2ἑαυτοῦ
273 1499 419 1572 γυναῖκα
441 1486 576 1574 φύλακοι
599 1489 658 1572 τῆς
676 1484 779 1574 κόρης
800 1485 1005 1554 καταλιπών.
1044 1483 1133 1565 ὡςδὲ
1185 1509 1186 1520 ν

128 1591 312 1679 κατήγορος
343 1590 427 1680 αὕτη
459 1595 520 1661 τοῦ
549 1590 684 1671 πόθους
712 1593 843 1678 ἐγένετο
871 1597 1050 1682 γυναικείᾳ
1078 1616 1134 1658 τει-
1186 1627 1187 1634 1

128 1697 248 1786 μάρσει
280 1696 318 1767 τὸ
351 1696 479 1785 ἀφανὲς
505 1711 576 1778 τοῖς
607 1695 723 1778 ἀλλοις
754 1695 963 1786 ἀνευροῦσα,
995 1703 1056 1787 τῆς
1086 1697 1136 1785 μδν

128 1803 263 1890 παιδός,
292 1803 338 1885 ὡς
366 1804 410 1892 μὴ
439 1803 530 1893 λάθη
558 1807 701 1872 τεκοῦσα
730 1795 787 1893 (ἦν
815 1803 854 1873 δὲ
882 1802 924 1872 οὐ
946 1807 1065 1892 πρόσω
1086 1807 1136 1872 τοῦ

89 1935 116 1976 15
129 1911 246 2000 τόκου)
275 1909 431 1999 φυλακὴν
459 1913 602 1980 ἐποιεῖτο
632 1909 677 1979 δι’
704 1908 831 1980 ὅπλων·
865 1909 966 1992 αὐτὸς
994 1911 1034 1980 δὲ
1057 1911 1137 1980 καλέ·

129 2035 190 2097 σας
212 2018 272 2087 τὸν
296 2016 445 2106 ἀδελφὸν
470 2023 517 2098 είς
539 2021 576 2087 τδ
605 2019 789 2107 συνέδριον
811 2023 869 2105 τῆς
892 2045 928 2086 τε
951 2018 1188 2087 λανθανοό-ὶδδ

129 2142 189 2211 σης
210 2123 289 2204 τοὺς
312 2122 436 2205 ἀλλους
459 2129 595 2213 φθορᾶς
619 2123 768 2212 μηνυτὴς
795 2131 925 2211 γίνεται
951 2126 1007 2192 καί
1032 2124 1139 2215 ᾐτιᾶτο

129 2247 396 2321 συγκακουργεῖν
427 2235 467 2321 τῇ
499 2231 583 2321 κόρη
616 2231 695 2311 τοὺς
726 2246 839 2318 γονεῖς
872 2233 1004 2301 ἐκέλευέ
1034 2259 1071 2302 τε
1103 2229 1141 2321 μὴ

88 2327 108 2392 3
126 2338 287 2427 κρύπτειν
310 2338 370 2408 τὸν
388 2339 624 2427 είργασμένον,
647 2335 721 2406 ἀλλ’
744 2343 791 2418 είς
808 2340 914 2425 μέσον
931 2337 1039 2426 ἀγειν.
1082 2347 1141 2408 Νε-

87 2461 114 2500 20
129 2447 236 2534 μίτωρ
262 2445 299 2514 δὲ
321 2443 522 2533 παραδόξων
544 2470 579 2512 τε
602 2443 715 2530 λόγων
734 2442 872 2514 ἀκούειν
897 2449 960 2532 ἔφη
984 2447 1040 2513 καί
1065 2471 1142 2514 παν-

126 2550 184 2632 τὸς
207 2551 357 2631 ἀναίτιος
375 2549 464 2618 είυαι
482 2553 543 2618 τοῦ
563 2550 749 2638 λεγομένου
767 2549 894 2638 χρόνον
913 2577 948 2618 τε
971 2549 1070 2638 ἠξίου
1088 2558 1141 2639 βα-

128 2657 237 2726 σάνου
254 2661 313 2744 τῆς
330 2655 491 2743 ἀληθείας
515 2659 611 2726 ἕνεκα
630 2661 763 2744 λαβεῖν·
786 2654 897 2744 τυχὼν
918 2655 956 2725 δὲ
975 2654 1144 2745 ἀναβολῆς

128 2762 239 2851 μόλις,
263 2760 375 2850 ἐπειδὴ
403 2765 441 2830 τὸ
469 2767 605 2851 πράγμα
633 2761 723 2849 παρά
744 2767 804 2850 τῆς
831 2761 993 2851 γυναικὸς
1016 2769 1143 2851 ἔμαθεν

129 2865 174 2949 ὡς
196 2869 216 2956 ἡ
240 2883 317 2948 παῖς
340 2872 377 2939 ἐν
400 2870 517 2958 ἀρχαῖς
539 2868 748 2957 ἀφηγήσατο,
771 2869 832 2938 τόν
855 2895 890 2938 τε
913 2869 1061 2958 βιασμὸν
1085 2870 1144 2939 τὸν

88 2989 113 3030 2⁵
127 2973 193 3045 ὑπὸ
216 2980 278 3044 τοῦ
296 2981 381 3045 θεοῦ
404 2976 590 3065 γενόμενον
609 2975 774 3064 ἀπέφαινε
792 2976 944 3057 καὶτοὺς
964 2978 1146 3065 λεχθέντας

200 3155 303 3210 8τεΒ
331 3152 363 3210 δὲ
382 3156 408 3209 R
489 3162 522 3211 10
540 3151 679 3224 ἀνδράσιν
705 3172 727 3210 ο.
748 3156 856 3226 Kayser
878 3156 950 3211 Ann.
974 3155 1043 3226 phil.
1072 3161 1143 3211 1861

175 3233 191 3284 6
269 3233 302 3282 11
327 3222 489 3282 καταλιπὼν
482 3226 671 3315 Kiessling
684 3228 836 3282 κατέλιπεν
860 3227 883 3282 0
916 3229 1096 3282 καταλείπων
1122 3245 1145 3281 ο.

126 3247 270 3384 flayserl.
290 3299 308 3354 l.
403 3305 434 3352 12
458 3293 530 3386 αὕτη
555 3299 601 3354 Bb
634 3293 708 3424 αὕτη
737 3298 813 3352 ΑΒα
904 3304 937 3353 13
960 3292 1098 3384 τεκμάρσι
1123 3299 1145 3352 Β

165 3375 198 3423 14
207 3365 311 3455 πόρρω
334 3370 358 3424 Β
446 3374 477 3422 19
501 3388 550 3423 τον
573 3368 691 3440 είργαομ
708 3389 758 3424 νον
783 3369 940 3456 BRoiske,
967 3367 1000 3424 τδ
1025 3367 1094 3438 είργ.
1120 3370 1148 3424 R

128 3436 218 3562 22227‘2
227 3442 318 3564 AB}
385 3445 419 3494 23
439 3433 566 3508 μόνηςΒ
642 3446 677 3493 24
700 3435 869 3509 ἀφηγήσατο
892 3437 924 3495 τδ
948 3441 1063 3510 πρᾶγμα
1088 3441 1146 3494 ΑΒ

218 3529 275 3563 απο
384 3531 389 3538 ·
