2408 3928
463 231 631 284 -r-
987 230 1052 297 τοι

38 382 146 473 ῶσπερ
179 386 235 454 καλ
266 385 347 476 παρ’
370 385 559 476 Ἀλβανοῖς·
596 386 656 470 οὓς
688 394 720 459 εί
751 389 970 478 διδάσκοιμεν
1003 389 1054 460 ὅτι

37 499 113 561 θεία
134 520 188 574 τις
210 498 340 582 ἔφθακε
363 495 447 584 τύχη
468 494 527 578 τὰς
544 492 766 585 ἀνθρωπίνας
784 496 934 579 σπουδὰς
952 496 1056 587 αὐτῆς

5 601 277 690 τοπαρασχούσης
288 600 370 683 τοὺς
384 605 418 686 ἐξ
436 611 514 673 ἴσον
531 601 592 674 τὸν
606 601 691 694 ὑπὲρ
705 607 774 674 τῶν
787 603 920 674 πόλεων
939 603 1055 692 ἀγῶνα

37 711 297 797 ποιησομένους,
327 706 369 778 ού
396 713 548 798 χαλεπῶς
574 716 743 798 πείσομεν.
794 710 836 780 ού
862 710 926 799 γὰρ
953 709 1054 802 ἀρετῇ

37 820 210 884 λείπεσθαι
253 815 395 898 δόξουσι
435 821 505 887 τῶν
544 817 719 908 τριδύμων
755 814 933 905 ἀδελφῶν,
969 816 1081 886 ἀλλὰ5

40 921 166 1008 φύσεως
190 921 354 1015 εὐκληρίᾳ
375 924 432 993 καὶ
459 923 561 1012 τύχης
585 923 772 1015 ίσορρόπον
796 925 881 1014 πρὸς
901 922 939 994 τὸ
962 922 1053 994 ἀντί

40 1037 138 1098 παλον
163 1029 420 1118 ἐπιτηδειότητι.

117 1139 193 1207 XV.
231 1141 387 1207 Τοσαῦτα
408 1141 471 1208 τοῦ
492 1143 706 1226 Φουφεττίου
724 1139 880 1222 λέξαντος
897 1139 953 1207 καὶ
970 1138 1054 1207 τάν-

44 1268 99 1310 των
119 1242 184 1332 τὴν
208 1244 354 1332 γνῶμην
382 1243 635 1315 ἐπαινεσάντων
659 1247 795 1336 (ἔτυχον
825 1244 862 1314 δὲ
881 1243 1053 1333 Ῥωμαίων

48 1350 147 1418 τεκαὶ
168 1348 348 1437 Ἀλβανῶν
381 1355 418 1421 οί
441 1351 614 1441 κράτιστοι
645 1350 810 1440 παρόντες
836 1349 1052 1442 ἀμφοτέροις)
1068 1370 1094 1411 1⁰

43 1455 150 1543 μικρὸν
185 1456 335 1546 έπισχῶν
370 1455 388 1527 ὁ
423 1457 551 1539 Τύλλος
581 1459 685 1545 λέγει·
720 1455 769 1527 Τά
796 1457 858 1546 μέν
886 1456 970 1527 ἀλλα
998 1456 1054 1548 ὀρ-

41 1567 103 1645 θῶς
132 1567 393 1652 ἐπιλελογίσθαι
425 1590 484 1654 μοι
517 1569 643 1653 δοκεῖς,
676 1557 702 1635 ῶ
733 1567 931 1654 Φουφέττιε·
968 1574 1054 1634 θαυ-

41 1670 137 1760 μαστὴ
170 1673 238 1762 γάρ
271 1701 323 1754 τις
350 1670 372 1762 ἡ
399 1671 462 1761 τὴν
496 1672 658 1743 οὐδέποτε
691 1677 869 1761 συμβᾶσαν
902 1669 1054 1760 ὁμοιογέ-

39 1802 125 1847 νειαν
153 1781 193 1848 έν
222 1776 432 1870 ἀμφοτέραις
460 1793 534 1860 ταῖς
562 1779 701 1850 πόλεσιν
729 1781 782 1848 ἐπὶ
808 1783 869 1867 τῆς
895 1777 1055 1867 ἡμετέρας

40 1889 147 1969 γενεᾶς
180 1887 384 1973 ἐξενέγκασα
419 1885 519 1974 τύχη·
560 1889 599 1956 ἓν
632 1885 663 1954 δ’
698 1885 837 1973 ἀγνοεῖν
875 1891 1001 1971 ἔοικας,
1025 1879 1094 1953 ’διε

40 1993 138 2062 πολὺν
166 1995 306 2082 παρέξει
337 2005 409 2074 τοῖς
441 1996 633 2073 νεανίσκοις
664 1991 784 2079 ὄκνον,
816 1991 876 2062 έόιν
908 1990 1053 2078 ἀξιῶμεν

42 2095 153 2182 αὐτούς
177 2099 341 2189 ἀλλήλους
363 2113 487 2190 χωρεῖν
516 2098 573 2167 διά
603 2098 719 2188 μάχης.
763 2096 872 2186 ἡγὰρ
891 2096 1094 2186 Ὁρατίωνθ

43 2206 137 2294 μήτηρ
166 2211 239 2276 τῶν
267 2203 442 2295 ἡμετέρων
473 2203 604 2293 ἀδελφὴ
631 2209 690 2292 τῆς
717 2209 897 2292 Κορατίων
930 2202 1054 2292 μητρός

43 2312 102 2380 έστι
118 2317 191 2384 τῶν
212 2311 400 2400 Ἀλβανῶν,
418 2311 475 2379 καλ
492 2311 678 2397 τέθραπται
695 2308 737 2379 τά
755 2309 910 2401 μειράκια
929 2312 966 2380 έν
984 2324 1056 2390 τοῖς

42 2416 236 2510 ἀμφοτέρων
264 2421 334 2486 τῶν
357 2420 531 2504 γυναικῶν
554 2415 692 2496 κόλποις
713 2413 921 2499 ἀσπάζονταί
946 2414 975 2485 τ’
997 2414 1054 2484 ἀλ-
1068 2443 1096 2484 το

44 2523 156 2610 ληλους
192 2525 251 2594 καλ
288 2527 452 2612 φιλοῦσιν
490 2520 552 2610 ούχ
588 2515 691 2610 ἦττον
727 2520 747 2611 ἢ
781 2523 944 2610 <πολλοὶ>
975 2522 1055 2604 τοὺς

8 2631 167 2701 ιλῖέαυτῶν
196 2629 379 2719 ἀδελφούς.
436 2628 500 2718 ὅρα
535 2627 577 2717 δὴ
613 2629 659 2718 μή
690 2654 770 2698 ποτε
803 2627 878 2699 οὐδ’
909 2627 1005 2699 ὅσιον
1033 2622 1054 2719 ᾖ

43 2737 164 2820 τούτοις
192 2736 403 2808 ἀναδιδόναι
432 2736 473 2806 τὰ
504 2737 590 2805 ὅπλα
618 2737 675 2805 καὶ
704 2744 819 2806 καλεῖν
849 2735 973 2819 αύτούς
1002 2739 1056 2808 ἐπὶ

44 2840 93 2911 τὸν
120 2843 193 2915 κατ’
225 2842 384 2931 ἀλλήλων
415 2841 527 2930 φόνον
559 2840 722 2926 ἀνεψιοὺς
752 2844 808 2912 καὶ
841 2844 1058 2934 συντρόφους

46 2945 142 3032 ὄντας.
178 2951 218 3020 τὸ
233 2947 300 3038 γὰρ
315 2949 482 3038 ἐμφύλιον
496 2947 589 3036 ἀγος,
603 2948 663 3019 έάν
677 2947 942 3037 ἀναγκασθῶσιν
956 2952 1056 3043 ἀλλή-
1070 2977 1097 3020 τε

47 3061 115 3138 λους
137 3069 350 3147 μιαιφονεῖν,
374 3059 422 3137 είς
443 3053 531 3143 ἡμᾶς
558 3055 726 3125 ἐλεύσεται
749 3055 829 3139 τούς
851 3054 1099 3148 ἀναγκάζον-3

108 3287 180 3361 ῖέφ
182 3293 261 3345 θακε
281 3289 304 3343 Β
324 3285 438 3369 ἔφθασε
457 3287 483 3340 Β
549 3285 641 3342 ὁτῶν
659 3285 751 3343 Bom.
765 3286 792 3341 Β
856 3295 888 3344 11
909 3287 1061 3358 τύλλιοςΑ

50 3361 77 3409 17
97 3311 231 3448 όρατίωτ
240 3360 296 3414 AB
319 3361 349 3414 ελ
372 3357 412 3412 sic
435 3372 520 3446 saepe
602 3356 676 3412 21*
684 3350 702 3426 ἢ
728 3354 798 3414 πότε
824 3355 922 3416 αὐτῶν
946 3365 970 3418 Β
992 3366 1062 3433 τοὺς

52 3421 147 3486 ἑαυτῶν
160 3425 231 3499 Β,“
213 3453 233 3501 η
255 3429 360 3518 ἕτεροι
364 3428 411 3483 vel
430 3423 508 3482 ἄλλοι
526 3446 594 3490 τους
611 3445 634 3483 ο
648 3428 752 3484 Reiske
825 3435 858 3484 22
874 3425 1022 3504 ἀδελφούς
1034 3441 1061 3494 R

52 3492 175 3572 ἀνεψιούς
193 3503 216 3557 Β
233 3505 238 3571 Ι
256 3495 323 3557 τύδ’
343 3493 423 3555 ὅσιον
441 3498 465 3551 Β
484 3492 536 3567 ούχ
555 3491 633 3552 ὅσιον
651 3499 676 3552 Β
