2404 3918
452 221 618 274 -Γ-
977 219 1040 284 371

11 375 71 456 λὶς
108 373 278 462 ὑπέλαβεν
310 374 415 463 είναι,
454 374 587 448 ἀπασαν
621 379 659 448 δὲ
693 376 756 468 τήν
793 378 952 467 στρατιάν
990 381 1043 448 ἐπὶ

12 489 195 564 Λατίνους
232 482 327 573 ἄγειν
370 484 594 571 ἐβουλεύσατο
635 485 691 554 καὶ
726 492 857 555 τίθεται
897 492 1042 573 πλησίον

14 589 136 660 αὐτῶν
169 589 231 661 τὸν
263 589 400 683 χάρακα.
450 590 522 661 κατ’
552 589 656 681 ἀρχάς
685 591 756 686 ,μὲν
789 585 854 662 οὖν
891 591 1043 682 ὀκνηρῶς

15 697 113 785 εἶχον
140 697 292 788 ἑκάτεροι
318 697 440 780 πάσαις
468 697 754 768 ἀποκινδυνεῦσαι
780 712 853 779 ταῖς
877 699 1042 788 δυνάμεσι

16 805 174 886 δεδιότες
214 802 273 885 τάς
313 803 470 893 ἀλλήλοιν
505 806 737 896 παρασκευάς,
774 805 1068 895 ἀκροβολισμούςι

19 913 55 981 δὲ
79 911 256 993 κατιόντες
283 914 320 980 έκ
346 915 416 982 τῶν
445 912 621 1002 ἐρυμάτων
650 917 685 982 οί
710 914 805 996 ψιλοὶ
827 912 906 1003 παρ’
933 915 1042 984 ἑκατέ-

20 1046 90 1108 ρων
115 1032 268 1106 συνεχεῖς
295 1020 471 1089 ἐποιοῦντο
500 1020 557 1088 καὶ
584 1009 672 1106 ήσαν
701 1016 747 1100 ὡς
774 1018 815 1089 τά
836 1019 943 1089 πολλά
972 1020 1042 1089 ίσό-
1074 1037 1085 1060 ·

20 1147 136 1214 μαχοι·
168 1124 280 1218 χρόνῳ
309 1124 341 1194 δ’
369 1123 513 1215 ὕστερον
541 1125 751 1215 ἐμπεσούσης
779 1125 983 1219 ἀμφοτέροις
1006 1128 1081 1198 έκ3

22 1236 88 1302 τῶν
117 1231 283 1302 τοιούτων
317 1229 521 1321 ἀψιμαχιιεν·
538 1239 747 1321 φιλονεικίας
778 1235 1042 1321 ἐπιβοηθοῦντες

28 1339 173 1428 ἑκάτεροι
195 1353 267 1421 τοῖς
290 1342 474 1429 σφετέροις,
497 1337 607 1428 όλύγοι
626 1340 688 1428 μὲν
706 1341 745 1410 τὸ
764 1343 911 1429 πρῶτον,
929 1345 1041 1410 ἔπειτα
1055 1365 1082 1408 ιο

27 1445 214 1534 σύμπαντες
240 1446 509 1534 ήναγκάσθησαν
538 1449 574 1516 ἐκ
600 1451 669 1517 τῶν
698 1449 935 1537 στρατοπέδων
961 1471 1043 1536 προ,

23 1561 147 1624 ελίνετν.
186 1554 244 1624 καὶ
266 1553 487 1635 καταστάντες
510 1559 558 1635 εἰς
576 1553 687 1643 μάχην
706 1553 830 1644 ἀνδρες
850 1553 929 1624 ούτε
946 1561 1042 1624 πολε-

23 1665 130 1747 μικῶν
153 1659 297 1748 ἀγοόνων
316 1661 467 1750 ἀτριβεῖς
489 1660 567 1732 οὔτε
584 1662 709 1749 πλήθει
734 1659 822 1731 πολὺ
840 1657 1042 1742 ἀποδέοντες

22 1765 178 1856 ἀλλήλων
200 1773 297 1850 πεζοί
315 1793 349 1836 τε
371 1769 428 1837 καί
459 1770 568 1848 ἱππεῖς
590 1772 767 1860 προθυμίᾳ
790 1794 825 1836 τε
849 1765 1042 1857 ὡρμημένοι

22 1873 105 1961 πρὸς
132 1873 192 1945 τὸν
219 1875 369 1964 πόλεμον
397 1872 499 1967 ὁμοίη
524 1874 581 1943 καλ
607 1875 786 1943 κινδύνων
813 1873 875 1944 τὸν
901 1880 1041 1961 ἔσχατον
1056 1895 1082 1940 ιε

23 1979 242 2073 ἀναρριπτεῖν
278 1988 477 2071 νομίσαντες
513 1980 725 2069 ήγωνίσαυτο
762 1981 824 2069 μὲν
856 1976 1041 2068 ἀμφότεροι

26 2089 132 2178 λόγου
159 2087 274 2176 ἀξίως,
302 2093 525 2179 διεκρίθησαν
552 2088 590 2157 δὲ
617 2085 672 2156 ἀπ’
699 2086 856 2174 ἀλλήλοιν
885 2087 1042 2174 ἰσόμαχοι

9 2198 149 2282 ενικιτὸς
164 2197 405 2286 έπιλαβούσης.
451 2193 473 2284 ή
496 2198 611 2285 μέντοι
638 2193 721 2283 μετά
743 2192 805 2263 τὸν
828 2192 945 2280 ἀγῶνα
969 2191 1083 2260 διά-4

25 2333 99 2376 νοια
124 2308 290 2396 ἑκατέρων
314 2301 376 2391 ούχ
400 2300 502 2392 ὁμοία
521 2304 687 2391 γενομένη
711 2299 883 2390 φανερούς
906 2302 1042 2387 ἐποίησε

25 2413 102 2495 τοὺς
132 2425 283 2503 κρεῖττον
320 2410 597 2499 ἀγωνισαμένους
633 2410 702 2478 τῶν
736 2408 874 2496 ἑτέρων·
906 2410 945 2496 τή
977 2405 1042 2495 γάρ
1057 2429 1084 2476 το

28 2521 97 2607 ἑξής
119 2517 228 2610 ἡμέρᾳ
242 2525 383 2588 Λατῖνοι
401 2517 464 2606 μὲν
484 2514 595 2586 ούιιέτι
612 2513 783 2605 προῄεσαν
807 2516 843 2582 έκ
860 2517 922 2582 τοῦ
940 2513 1044 2602 χάρα-

27 2653 92 2714 τος,
115 2623 133 2696 ὃ
154 2625 193 2695 δὲ
209 2629 279 2695 τῶν
292 2622 466 2712 Ῥωμαίων
485 2621 642 2711 βασιλεὺς
665 2619 837 2711 έξαγαγάν
860 2617 919 2700 τάς
939 2620 1044 2690 δυνά-

29 2761 96 2820 μεις
119 2739 166 2814 είς
188 2732 226 2802 τὸ
245 2736 362 2802 πεδίον
382 2733 514 2819 ἕτοιμος
535 2721 579 2817 ήν
599 2729 714 2818 ἑτέραν
735 2737 909 2800 ποιεῖσθαι
932 2727 1044 2815 μάχην

29 2842 80 2909 καί
112 2843 208 2930 μέχρι
239 2841 368 2909 πολλοῦ
401 2841 561 2927 κατέσχεν
594 2837 631 2906 έν
663 2835 752 2917 τάξει
783 2833 846 2921 τήν
877 2832 1044 2921 φάλαγγα.

31 2945 71 3026 ύς
100 2949 130 3016 δ’
157 2944 220 3016 ούκ
245 2944 489 3036 ἀντεπεξῄεσαν
518 2948 554 3015 οἱ
577 2943 747 3031 πολέμιοι,
770 2939 963 3031 ζσκυλεύσας
986 2938 1043 3009 αύ-
1057 2959 1084 3004 ετ

30 3057 94 3121 τῶν
125 3052 206 3133 τούς
237 3051 380 3142 νεκρούς
411 3053 467 3120 καὶ
497 3049 576 3132 τούς
609 3053 718 3128 ίόίους
747 3045 952 3133 ἀνελόμενος
978 3045 1043 3115 σὺν

30 3164 138 3254 πολλῷ
161 3157 329 3248 αὐχήματι
351 3156 458 3245 ἀπήγε
485 3155 547 3246 τήν
571 3154 730 3244 στρατιάν
761 3153 814 3228 ,ἐπὶ
836 3151 897 3221 τὸν
919 3155 1042 3221 ἑαυτοῦ

32 3293 165 3358 χαρακα.

99 3425 186 3484 3τὸν
209 3427 232 3482 Β
252 3445 305 3483 om.
324 3427 350 3482 R
430 3431 462 3481 15
486 3427 622 3482 κίνδυνον
645 3441 668 3479 ο.
687 3421 829 3491 Kiessling
902 3425 935 3474 16
955 3413 1043 3489 ἀναρ-

36 3507 122 3569 ριπεῑν
141 3502 166 3553 Α
239 3505 273 3554 22
291 3498 347 3553 τάν
366 3498 388 3551 Β
408 3512 461 3552 om.
481 3496 506 3551 R
582 3500 617 3552 24
635 3493 771 3565 κατέσχεν
790 3492 813 3547 Β
831 3495 963 3561 κατεῖχεν
982 3490 1008 3545 R

824 3581 880 3637 24*
