2404 3918
516 261 549 271 -
588 235 681 285 Γ-
1040 232 1106 298 403

82 393 258 482 χρώμενοι
284 391 347 481 τῆν
374 391 464 479 παρὰ
491 396 553 462 τοῦ
581 393 745 478 βασιλέως
771 391 938 478 βοήθειαν
962 390 1106 461 ἐκάλουν

83 500 290 591 ἀμφότεροι,
320 499 500 587 παρόντων
531 495 647 579 αὐτοῖς
676 502 811 586 συχνῶν
847 501 883 566 ἐκ
911 502 971 585 τῆς
1000 520 1107 569 συνω-

87 613 224 695 μοσίας,
248 605 417 697 ἀγροίκων
441 603 483 692 δῆ
502 609 548 698 τῶ
571 605 676 697 λόγῳ,
699 604 1048 692 συναγανακτούντων
1071 633 1107 675 τε

89 714 294 802 ἀμφοτέροις
316 713 371 781 καί
395 711 736 801 συμμαρτυρούντων.
783 709 828 791 ὡς
852 710 889 779 δὲ
912 713 1106 793 εἰσκαλέσας
1125 718 1146 782 3

88 817 213 900 αὐτούς
242 817 260 887 ὁ
288 817 446 907 βασιλεὺς
473 821 583 907 λέγειν
612 821 785 888 ἐκέλευσεν
812 815 897 905 ὑπὲρ
921 809 970 886 ῶν
995 822 1133 907 διεφέ-ι

88 953 207 1016 ροντο,
232 930 339 1013 αἰγῶν
366 926 428 1014 μὲν
455 923 680 1014 ἀμφισβητεῖν
708 924 922 1012 ἐσκήπτοντο,
947 927 1106 1015 κεκραγό-

86 1060 145 1114 τες
168 1032 206 1101 δὲ
228 1030 297 1121 ἀμα
319 1034 375 1102 καί
398 1032 648 1120 παθαινόμενοι
672 1031 733 1101 τὸν
756 1030 877 1118 ἀγριον
900 1032 1027 1121 τρόπον
1050 1035 1106 1102 καί

89 1139 203 1228 μηθὲν
236 1144 283 1220 εἰς
314 1137 352 1208 τὸ
384 1143 521 1227 πρᾶγμα
552 1140 708 1226 λέγοντες
739 1136 847 1206 πολύν
880 1142 1039 1227 ἐκίνησαν
1073 1141 1106 1221 ἐξ

89 1245 250 1315 ἁπάντων
274 1247 410 1333 γέλωτα.
457 1243 503 1326 ῶς
525 1243 557 1312 δ”
584 1248 619 1314 ἐκ
641 1249 702 1313 τοῦ
725 1255 1014 1332 καταφρονεῖσθαι
1036 1272 1106 1314 και-

93 1352 155 1441 ρὸν
175 1356 295 1435 ἔδοξαν
314 1355 489 1441 εἰληφέναι
507 1355 566 1438 τῆς
584 1350 817 1439 ἐπιχειρήσεως
830 1349 891 1421 τὸν
906 1354 1106 1442 ἐπιτήδειον,
1121 1383 1148 1424 ιο

92 1461 235 1547 φέρουσι
258 1458 341 1528 κατὰ
363 1463 423 1546 τῆς
444 1462 592 1545 κεφαλῆς
613 1461 675 1526 τοῦ
698 1458 861 1543 βασιλέως
887 1456 1016 1545 πληγάς
1036 1475 1109 1540 τοῖς

92 1565 274 1653 δρεπάνοις
300 1568 356 1635 καί
378 1570 477 1634 τούτο
504 1564 689 1652 πράξαντες
716 1569 863 1651 ἔφευγον
891 1566 952 1647 ἔξω
976 1570 1108 1654 θυρῶν.

93 1676 242 1758 κραυγῆς
273 1672 311 1741 δὲ
343 1674 527 1759 γενομένης
558 1672 611 1739 ἐπί
646 1674 693 1762 τῷ
723 1669 826 1738 πάθει
858 1671 915 1739 καί
946 1676 1149 1760 βοηθείας4

24 1777 312 1865 σθθπολλαχόθεν
336 1774 595 1864 συνδραμούσης
623 1774 664 1844 ού
693 1777 899 1862 δυνηθέντες
926 1780 1107 1865 διαφυγεῖν

91 1885 388 1972 συλλαμβάνονται
419 1883 502 1972 πρὸς
538 1885 607 1950 τῶν
639 1881 904 1969 ἐπιδιωξάντων,
936 1884 993 1951 καί
1025 1883 1106 1971 μετὰ
1120 1905 1145 1947 15

89 1995 191 2060 τούτο
215 1991 376 2078 βασάνοις
398 1989 670 2068 καταικισθέντες
687 1989 743 2055 καί
762 1986 840 2069 τοὺς
863 1985 1032 2076 ἀρχηγοὺς
1049 1993 1107 2076 τῆς

90 2101 273 2185 ἐπιβουλῆς
295 2096 566 2184 ἀναγκασθέντες
588 2100 695 2165 εἰπεῖν
722 2098 782 2182 τῆς
803 2095 1039 2183 προσηκούσης
1060 2124 1107 2165 τι-

89 2210 221 2293 μωρίας
248 2209 366 2292 ἔτυχον
396 2203 459 2273 σύν
487 2202 609 2295 χρόνῳ.
662 2200 831 2289 [βασιλεὺς
858 2200 919 2289 μὲν
948 2200 991 2289 δῆ
1023 2210 1107 2290 Ταρ-

88 2310 211 2390 κύνιος
244 2309 284 2379 ού
314 2315 446 2398 μικρῶν
482 2308 562 2378 οὐδὲ
598 2308 724 2396 ὀλίγων
752 2305 927 2395 Ῥωμαίοις
963 2307 1107 2395 ἀγαθῶν

88 2426 198 2495 αἰτιος
220 2415 416 2502 γενόμενος,
440 2414 524 2484 όκτῶ
546 2416 602 2483 καί
624 2414 806 2501 τριάκοντα
831 2419 886 2501 ἐτη
912 2412 975 2502 τῆν
998 2413 1105 2503 ἀρχήν
1121 2435 1166 2488 ασί-

87 2519 268 2607 κατασχῶν
292 2519 379 2588 οὕτω
403 2525 562 2610 τελευτά]

165 2721 180 2770 3
200 2711 342 2798 ἀγροίκων
361 2710 395 2784 δή
412 2710 569 2769 Schaller'
551 2735 596 2784 αγ.
611 2713 644 2770 δὲ
659 2717 682 2770 0
699 2720 702 2783 1
719 2718 785 2786 post
799 2719 974 2786 συνωμοσίας
988 2718 1017 2772 et
1032 2713 1105 2806 λόγῳ

92 2786 254 2856 interpunxi
270 2789 384 2841 auctore
399 2786 543 2841 Schallero
598 2793 613 2843 6
620 2783 718 2912 ἰαίγῶν
733 2783 785 2854 μλν
799 2786 821 2839 Β
840 2785 929 2874 αἰγῶν
948 2788 980 2842 δὲ
992 2791 1017 2843 Α
1033 2791 1037 2856 Ι
1054 2809 1106 2860 αμ-

93 2861 242 2943 φισβητεῖν
257 2853 313 2912 Α’
296 2877 388 2928 αμφισ
389 2854 632 2982 βήτ<ησινζΒί
599 2878 618 2911 α
631 2857 688 2926 γῶν
707 2855 770 2912 δέ’
756 2875 841 2912 ενεκα
855 2853 1045 2944 ἀμφισβητεῖν
1059 2811 1094 2913 R
1100 2861 1104 2932 Ι

92 2949 260 2998 κεκρογοτες
278 2931 301 2984 Β
374 2937 389 2984 Γ
409 2928 441 2984 δὲ
460 2928 526 2984 Ιίθὶε
550 2946 564 2984 e
588 2948 618 2983 τε
638 2927 661 2982 Ο
736 2934 770 2983 10
789 2925 988 2998 ἐπιχειρήσεως
1005 2930 1028 2983 Β
1048 2926 1107 2986 ἐπι-

91 3000 202 3062 θέσεως
216 2999 242 3052 R
297 3005 330 3054 13
344 3000 394 3054 καί
412 2994 628 3086 συνδραμούσης
646 2999 749 3068 πολλῆς
768 3001 907 3083 βοηθείας
921 3000 943 3055 Ο
958 3003 1070 3071 praeter
1084 3003 1107 3056 B

93 3078 160 3127 18-
165 3076 199 3125 21
218 3072 305 3126 verba
324 3068 455 3153 βασιλεὺς
472 3087 560 3140 usque
580 3072 617 3126 ad
634 3071 752 3141 τελευτᾷ
775 3087 809 3126 ex
827 3071 908 3126 initio
927 3071 993 3126 libri
1013 3073 1107 3142 quarti

91 3142 184 3213 petita
202 3143 317 3197 seclusiss
334 3141 477 3212 Kiessling

142 3232 328 3287 MONYGOY
343 3229 596 3287 ὰΛΙΚὰΡΝΑΕΕΓδ(
610 3216 784 3300 ῥωΜδΙΚΗ(
799 3235 816 3286 Γ
834 3229 1068 3289 ὰΡΧΑΙΟΛΟΓΙὰ(
1082 3236 1106 3288 Α

94 3305 124 3358 εἰ
141 3301 195 3357 nisi
214 3304 290 3371 quod
311 3302 354 3357 Γ’
345 3321 375 3357 1n
393 3302 448 3358 fine
466 3303 571 3374 legitur
589 3303 611 3356 B

498 3493 700 3524 -φο-μ...
