2408 3928
436 269 471 280 -
509 243 604 294 Γ-
963 241 1029 308 293

27 423 84 484 μου
107 396 224 485 τύχην·
256 399 289 480 έξ
319 394 481 487 ὁποτέρας
509 397 542 467 δ’
567 396 611 470 ἀν
633 399 764 482 πόλεως
789 405 824 470 οί
844 402 1030 490 κρατήσαν-

27 530 70 585 ιες
92 508 159 574 τῶν
185 502 379 576 ἀντιπάλων
406 508 589 595 γένωνται,
616 508 721 597 ταότη
749 508 1030 600 συγχωρήσαιμεν

28 610 128 699 ἀρχειν
149 614 209 700 τής
232 613 354 702 ἑτέρας.
396 610 504 683 ὁπόσα
526 612 592 703 γὰρ
614 613 659 703 μή
684 619 862 703 διαιρεῖται
884 613 950 685 ὑπὸ
974 615 1030 686 λό-

30 745 93 805 γου,
113 722 217 787 ταῦτα
239 715 304 789 ὑπὸ
327 722 396 789 τῶν
420 718 535 790 ὅπλων
556 725 715 808 κρίνεται.

100 827 171 896 ΧΠ.
208 824 256 895 T&
288 826 350 915 μὲν
384 824 426 914 δή
458 828 625 915 λεχθέντα
654 829 731 918 περὶ
759 832 819 918 τῆς
847 827 1056 920 ἡγεμονίαςῡ

31 937 82 1001 τῶν
105 932 237 1002 πόλεων
270 934 477 1022 δικαιῶματα
509 932 567 1004 ὑπ’
597 933 799 1028 ἀμφοτέρων
830 941 899 1008 τῶν
931 957 1029 1028 στρα-

32 1043 120 1126 τηγῶν
146 1040 265 1111 τοιοίδε
292 1032 349 1129 ἦν·
382 1043 478 1122 τέλος
505 1041 543 1111 δὲ
570 1056 641 1126 τοῖς
668 1043 783 1133 λόγοις
810 1042 924 1114 αὐτῶν
950 1043 1029 1132 ήκο-

35 1147 179 1235 λοόθησεν
209 1143 286 1219 οἷον
311 1146 329 1218 ὁ
353 1146 516 1237 Ῥωμαῖος
541 1146 730 1222 ὑπετίθετο.
777 1155 813 1221 οί
833 1149 897 1240 γὰρ
922 1153 959 1222 έν
982 1155 1028 1244 τῷ

16 1255 162 1349 ιισυλλόγφ
182 1255 351 1347 παρόντες
365 1254 539 1344 Ἀλβανῶν
562 1284 598 1328 τε
621 1260 677 1328 καὶ
694 1256 869 1347 Ῥωμαίων
892 1272 1028 1346 ταχεῖαν

39 1355 204 1452 ἀπαλλαγὴν
228 1367 291 1433 τοῶ
312 1366 462 1453 πολέμου
480 1364 690 1454 ποιήσασθαι
714 1369 889 1456 ζητοῦντες
912 1363 1030 1446 ὅπλοις
1043 1393 1069 1434 ιο

35 1463 62 1532 ιὸ
87 1481 188 1552 νεῖκος
224 1476 378 1558 ἔγνωσαν
411 1475 544 1543 διελεῖν.
594 1474 876 1562 συγχωρηθέντος
908 1471 947 1542 δὲ
973 1473 1029 1541 καὶ

34 1573 131 1644 τούτου
152 1577 232 1665 περὶ
254 1581 316 1647 τοῦ
338 1578 494 1666 πλήθους
515 1582 584 1648 τῶν
607 1578 873 1668 ἀγωνιουμένων
897 1578 1029 1667 ζήτησις

36 1681 136 1765 ἐγίνετο
164 1681 207 1752 οὐ
235 1681 298 1772 τὴν
326 1683 433 1773 αὐτὴν
458 1687 616 1775 ἑκατέρου
643 1691 712 1756 τῶν
736 1689 932 1777 στρατηγῶν
956 1685 1029 1754 διά-

36 1811 111 1856 νοιαυ
131 1787 432 1881 ἀποδεικνυμένου.
482 1793 611 1874 Ῥόλλος
633 1793 696 1882 μὲν
721 1791 786 1884 γὰρ
809 1792 966 1879 ἐβούλετο
991 1794 1028 1861 έν
1047 1793 1069 1858 2

36 1893 192 1982 ἐλαχίστοις
226 1897 357 1986 σῶμασι
392 1899 554 1986 γενέσθαι
586 1897 649 1987 τήν
680 1904 742 1970 τοῦ
777 1902 927 1989 πολέμου
958 1904 1028 1987 κρί-
1043 1916 1069 1958 1⁵

36 2017 74 2067 σιν
98 2002 169 2085 ἑνὸς
193 2003 362 2092 Ἀλβανοῦ
392 2010 454 2076 τοῦ
481 2007 719 2096 λαμπροτάτου
749 2005 834 2098 πρὸς
866 2009 926 2076 ἕνα
950 2003 1029 2074 Ῥω-

36 2121 112 2190 μαῖον
133 2110 193 2181 τόν
219 2111 359 2201 ἀριστον
382 2114 681 2204 μονομαχήσοντος
704 2117 761 2184 καὶ
783 2114 963 2203 πρόθυμος
984 2104 1029 2201 ήν

17 2210 112 2296 ἀὐτὸς
136 2215 221 2309 ὑπὲρ
250 2224 311 2308 τῆς
340 2222 464 2291 ἑαυτοῦ
493 2226 656 2313 πατρίδος
684 2220 921 2310 ἀγωνίσασθαι
948 2245 1029 2311 προ-

36 2309 217 2410 καλούμενος
238 2331 287 2407 είς
308 2325 371 2415 τήν
395 2325 518 2416 ὁμοίαν
545 2333 744 2417 φιλοτιμίαν
771 2326 832 2398 τὸν
852 2326 1030 2415 Ἀλβανόν,

37 2427 132 2511 καλοὺς
157 2430 361 2520 ἀποφαίνων
389 2449 461 2516 τοῖς
487 2434 691 2525 ἀνειληφόσι
718 2433 777 2516 τάς
799 2437 868 2504 τῶν
892 2451 1028 2523 στρατο-
1043 2448 1070 2489 2⁰

37 2533 122 2604 πέδον
156 2536 341 2629 ἡγεμονίας
376 2540 456 2623 τοὺς
487 2541 572 2633 ὑπὲρ
605 2542 710 2633 ἀρχῆς
740 2544 796 2612 καὶ
829 2544 1030 2620 δυναστείας

38 2633 157 2732 ἀγῶνας,
186 2645 228 2716 οὐ
255 2646 365 2737 μόνον
394 2646 454 2719 έῶν
483 2651 671 2740 νικήσωσιν
703 2647 858 2737 ἀγαθοὺς
889 2647 1031 2737 ἀνδρας,

39 2740 100 2815 ἀλλά
119 2747 180 2820 κῶν
204 2752 302 2824 αὐτοὶ
319 2760 538 2844 κρατηθῶσιν
556 2754 615 2826 ὑπ’
636 2755 791 2844 ἀγαθῶν,
813 2756 869 2825 καί
894 2753 1029 2836 διεξιῶν

41 2845 94 2921 ὅσοι
114 2863 289 2949 στρατηγοὶ
315 2863 371 2932 καὶ
399 2870 549 2950 βασιλεῖς
575 2862 636 2945 τάς
665 2865 794 2934 ἑαυτῶν
817 2860 927 2950 ψνχάς
949 2887 1030 2952 προ-

40 2962 230 3035 κινδυνεῦσαι
251 2971 322 3038 τῶν
349 2973 477 3039 κοινῶν
503 2973 674 3059 παρέσχον
703 2967 819 3039 δεινὸν
843 2966 1028 3058 ἡγούμενοι
1042 2987 1071 3030 2⁵

41 3064 89 3131 τῶν
114 3068 171 3155 μὲν
199 3077 306 3161 τιμῶν
336 3077 440 3146 πλέον
470 3073 567 3145 αὐτοὶ
595 3077 778 3166 φέρεσθαι,
803 3079 874 3145 τῶν
902 3075 941 3144 δὲ
970 3074 1029 3144 πό-

43 3191 93 3238 νον
113 3177 254 3248 ἔλαττον.
300 3179 318 3251 ό
346 3181 385 3251 δὲ
404 3179 567 3270 ’Λλβανὸς
593 3181 631 3252 τὸ
662 3182 726 3271 μὲν
748 3180 876 3270 ὀλίγοις
899 3175 1071 3269 σῶμασι3

95 3314 270 3390 λταότη.Β
297 3319 402 3393 ταότης
424 3325 450 3381 Α
533 3332 567 3382 14
593 3323 883 3451 ἀποδεικνυμὲκ<ον>
905 3324 928 3378 Β
957 3318 1028 3379 ἀπο-

45 3376 205 3469 δεικηυμένων
222 3394 268 3464 Rl
285 3389 317 3451 έν
335 3397 358 3450 Β
376 3397 471 3452 om.R
544 3403 578 3453 16
597 3394 730 3468 βωμοιίων
777 3397 825 3452 οΒ,
898 3399 931 3450 17
946 3414 1029 3466 μονο-

46 3465 230 3604 ῶλλῖῶῶοηὶιῗ
241 3539 270 3592 ει
287 3467 551 3596 ιῗῗεδῐῗῶῖιῶω
570 3464 841 3596 ἷθῶόέῶῖῶθίὼ
859 3463 989 3538 ’mum
1004 3464 1028 3521 ⁰
