2404 3918
459 239 626 290 „1⁸-

121 397 261 464 XXXV.
297 401 408 466 Ταῦτα
432 397 699 486 διαπραξάμενος
724 399 777 467 ε’πλ
799 402 858 486 τῆς
881 402 970 480 ίὺίας
992 397 1051 486 άρ-

36 505 91 587 χῆς
113 501 274 587 βασιλεὺς
296 503 423 586 Τύλλος
441 502 617 591 Ὁστίλιος,
640 503 727 593 άνὴρ
752 507 789 574 ἐν
809 504 936 593 ὀλύγοις
958 505 1051 588 ἄξιος

37 605 252 694 εὐλογεῖσθαι
274 614 333 698 τῆς
354 637 390 681 τε
414 610 591 700 εὐτολμίας
614 615 710 682 ἕνεκα
737 615 797 702 της
824 611 907 702 πρὸς
929 611 970 682 τά
992 638 1050 682 πο-

37 717 125 802 λέμια
157 719 216 786 καλ
249 723 307 806 τῆς
339 719 537 808 φρονήσεως
567 724 627 807 τῆς
653 721 729 808 περὶ
756 719 796 789 τά
825 719 936 807 δεινά,
966 718 1049 810 ὑπὲρ

37 821 129 909 άμφω
154 824 338 913 δὲταῦτα,
367 824 419 896 ὅτι
448 825 489 895 ού
516 825 617 915 ταχὺς
645 822 693 896 οὑν
722 831 770 907 είς
791 829 939 915 πόλεμον
964 831 1077 897 ίίναιε

39 932 166 1016 βέβαιος
194 924 241 1019 ἦν
268 932 432 1014 καταστάς
459 938 507 1014 είς
535 931 638 1004 αὑτὸν
668 936 706 1003 ἐν
734 932 838 1002 ἅπασι
866 939 936 1004 τῶν
959 933 1050 1003 άντι-

40 1036 146 1106 πάλων
169 1041 340 1127 προέχειν,
364 1045 419 1127 ἔτη
444 1039 483 1108 ὑὲ
500 1039 675 1127 κατασχὺν
698 1039 760 1128 τὴν
779 1039 886 1129 ἀρχὴν
909 1039 973 1109 δύο
995 1043 1051 1110 καὶ

41 1143 213 1228 τριάκοντα
236 1150 374 1239 τελευτᾷ
396 1143 457 1216 τὸν
480 1152 558 1233 βίον
582 1149 832 1236 ἐμπρησθείσης
853 1153 913 1237 τῆς
933 1153 1050 1235 οίκίας,

44 1251 90 1317 καὶ
110 1249 172 1320 σὺν
199 1251 290 1346 αὑτῷ
309 1252 399 1340 γυνή
420 1279 457 1322 τε
475 1251 661 1324 άπόλλνται
677 1257 733 1324 καλ
754 1257 856 1324 τέκνα
873 1255 930 1323 καὶ
954 1253 971 1324 ὑ
994 1253 1051 1325 άλ-

48 1363 96 1436 λος
110 1357 272 1439 οἰκετικὸς
294 1357 381 1440 ἅπας
403 1358 501 1448 ὄχλος
523 1363 753 1449 καταληφθεὶς
770 1359 836 1430 ὑπὸ
855 1364 917 1431 τοῦ
934 1360 1050 1450 πυρός.
1066 1381 1091 1422 10

45 1469 314 1554 καταπρησθῆναι
343 1467 380 1536 ὑὲ
406 1467 469 1556 την
498 1473 609 1537 οίκίαν
639 1472 674 1536 οί
698 1467 761 1556 μὲν
787 1466 853 1536 ὑπὸ
881 1471 1090 1556 κεραυνού2

44 1570 167 1654 λέγουσι
191 1577 399 1668 μηνίσαντος
419 1579 482 1645 τοῦ
499 1579 586 1644 θεοῦ
606 1574 650 1642 δι’
674 1573 858 1664 ὀλιγωρίαν
882 1579 982 1666 ἱερῶν
1004 1604 1051 1646 τι-

11 1743 12 1749 ,
43 1700 104 1742 κων
123 1677 289 1768 (ἐκλιπείν
307 1678 372 1769 γὰρ
397 1681 450 1750 ἐπὶ
468 1686 527 1770 τῆς
545 1679 651 1772 ἀρχῆς
666 1685 725 1770 τῆς
744 1685 877 1751 ἐκείνου
890 1689 1051 1771 πατρίους

12 1827 14 1832 .
44 1782 126 1864 τινὰς
151 1793 295 1873 θυσίας,
324 1788 437 1878 ἑτέρας
459 1786 492 1857 δ’
519 1786 581 1876 οὑχ
608 1787 825 1877 ὑπαρχούσας
852 1791 1051 1877 ἐπιχωρίους
1128 1803 1135 1818 “

41 1882 206 1977 Ῥωμαίοις
227 1896 468 1986 παραγαγεῖν),
498 1899 533 1964 ολ
554 1895 593 1964 δὲ
615 1902 751 1977 πλείους
773 1899 807 1978 ἐξ
830 1894 1051 1984 ἀνθρωπίνης
1066 1911 1091 1951 1⁵

11 1999 142 2078 ,λῧηασὶν
166 2003 349 2089 ἐπιβουλῆς
375 2001 412 2071 τὸ
440 2001 553 2083 πάθος
580 2006 741 2090 γενέσθαι
769 2001 986 2083 ἀνατιθέντες
1012 2002 1051 2073 τὸ
1088 2005 1091 2010 ’

47 2104 134 2186 ἔργον
162 2113 309 2199 Μαρκίῳ
337 2111 382 2201 τῷ
412 2107 481 2196 μετ’
508 2112 640 2179 ἐκεῖνον
666 2108 805 2196 ἄρξαντι
833 2113 892 2196 τῆς
914 2109 1051 2190 πόλεως.

47 2213 154 2280 τοῦτον
183 2212 248 2302 γάρ
277 2217 312 2283 ἐκ
334 2219 393 2302 τῆς
417 2215 519 2304 Νόμα
541 2221 736 2304 Πομπιλίου
760 2216 932 2304 θυγατρὸς
953 2217 1050 2302 γενό-
1069 2215 1090 2279 3

13 2359 14 2362 =
48 2339 138 2396 μενον
161 2319 337 2408 ἄχθεσθαί
355 2348 402 2408 τε,
426 2319 478 2391 ὅτι
502 2325 542 2391 ἐκ
554 2328 731 2409 βασιλείου
751 2325 873 2409 γένους
894 2322 1052 2410 πεφυκὼς

49 2419 135 2505 αὐτὸς
163 2426 301 2515 ίθιούτης
327 2419 387 2515 ἦν,
414 2429 470 2496 καὶ
497 2430 596 2513 γίνος
624 2427 887 2518 ἐπιτρεφόμενον
918 2426 1050 2517 ὁρῶντα
1064 2445 1091 2486 ²⁰

48 2531 84 2616 τῷ
113 2533 230 2627 Τύλλῳ
258 2532 383 2615 παντὸς
410 2535 552 2622 μάλιστα
581 2533 799 2622 ὑποπτεύειν,
829 2546 863 2606 εί
884 2565 916 2606 τι
943 2537 1051 2606 πάθοι

53 2634 165 2722 Τύλλος
197 2646 245 2721 είς
276 2639 356 2721 τοὺς
391 2643 524 2710 ἐκείνου
560 2646 684 2724 παῖδας
714 2641 808 2731 ἥξειν
839 2643 903 2733 την
934 2642 1052 2733 άρχήν.

50 2747 137 2815 ταῦτα
171 2746 213 2837 δὴ
248 2747 496 2836 διανοούμενον
524 2751 561 2818 ἐκ
590 2754 718 2819 πολλοῦ
749 2751 938 2838 στήσασθαι
967 2751 1051 2820 κατά

50 2854 99 2917 τοῦ
126 2856 291 2940 βασιλέως
327 2854 512 2943 ἐπιβουλὴν
548 2855 694 2937 πολλοὺς
732 2863 850 2944 ἔχοντα
877 2856 1051 2948 Ῥωμαίων

50 2954 115 3038 κοὺς
140 2961 510 3049 συγκατασκευάζοντας
538 2961 627 3056 αὐτῷ
654 2961 717 3051 τὴν
745 2967 966 3051 δυναστείαν,
994 2971 1049 3052 φί-
1063 2979 1090 3020 2⁵

109 3100 221 3175 4παρά
243 3101 278 3160 τά
302 3102 384 3160 δεινά
408 3123 430 3160 ο.
456 3105 627 3176 Graeberger
650 3107 728 3162 Τεεε.
741 3105 856 3177 Herbip.
871 3126 900 3178 p.
920 3113 967 3177 15,
985 3101 1051 3178 περὶ

52 3184 68 3218 τ·
84 3172 105 3226 ί.
123 3176 234 3232 defend.
258 3175 354 3246 Tegge
379 3177 491 3243 Quaest.
515 3196 542 3247 p.
564 3184 596 3231 12
615 3179 673 3233 not.
756 3183 788 3232 10
808 3175 888 3248 ὄχλος
910 3173 987 3242 ἅπας
1004 3181 1027 3232 Β
1045 3179 1048 3252 χ

53 3248 231 3322 ξκκαληφθεὶς
245 3247 299 3302 del.
310 3247 412 3305 Garrer
422 3248 485 3304 Oba.
496 3267 523 3319 p.
535 3254 568 3304 ‘12
626 3255 658 3303 11
677 3250 826 3320 κεραυνῶν
840 3250 862 3303 Β
919 3256 951 3305 12
965 3270 1051 3304 τινων

53 3315 162 3379 ι8οοῖνο
185 3318 339 3389 ρεεολετΒ
417 3323 450 3373 15
473 3321 663 3392 παραγαγεῖν]
688 3321 918 3391 παρειςαχθῆναι
941 3337 964 3376 ο.
990 3321 1050 3390 Syl·

53 3377 127 3459 burg}
144 3387 173 3444 ολ
189 3406 244 3445 om.
264 3389 310 3444 Ba
383 3396 415 3445 16
435 3409 522 3461 φησιν
541 3393 567 3445 Α
640 3398 673 3447 17
693 3387 790 3462 μάρκῳ
809 3393 835 3446 Α
858 3395 887 3446 θλ
906 3391 946 3446 sic
966 3409 1051 3463 saepe

54 3457 79 3508 λθ
104 3455 369 3532 ἒπιτρεφόμενονΒ
398 3458 638 3533 ὑπογραψάμενον
661 3465 686 3518 R
768 3469 801 3518 23
821 3458 863 3532 ,δὴ
892 3462 914 3517 Β
943 3481 997 3519 om.
1026 3465 1051 3519 R

55 3527 80 3578 λδ
97 3528 406 3602 συγκατασκευάζοντας
425 3535 447 3588 Β
467 3529 691 3600 συσκευάζοντας
708 3535 734 3588 R
