2404 3918
453 228 619 278 -Γ-
977 222 1137 306 θλ,

10 393 121 470 σθαι,
145 381 299 453 Μέττιον
327 383 365 452 δέ
390 386 618 471 Φουφέττιον,
641 380 683 453 δν
711 383 808 454 αὐτοὶ
834 389 875 474 τῇ
905 391 1042 476 μεγίστῃ

10 489 107 581 ἀρχή
132 490 342 579 ἐκόσμησαν,
366 488 411 572 ἀς
434 489 476 580 δή
499 491 679 578 κράτιστον
700 489 872 579 Ἀλβανῶν
901 496 1043 570 διοικεῖν

10 595 60 666 τὰ
80 595 183 667 κοινά
198 601 294 687 μέχρι
312 602 374 668 τοῦ
387 598 556 687 παρόντος
573 598 741 686 εἰάσαμεν.
781 597 863 668 ἀνθ’
882 589 931 668 άυ
948 605 1044 680 τίνας
1064 596 1082 660 7

10 702 103 792 ἡμῖν
133 704 272 794 χάριτας
299 703 486 791 ἀπέδοσαν,
513 702 614 793 ήνίκα
642 709 771 794 μᾶλλον
795 709 906 794 φίλων
928 732 964 776 τε
986 707 1043 776 καί

10 810 212 900 συμμάχων
235 810 371 892 εὐνοίας
394 816 479 897 ἔδει,
501 809 679 883 ἀκούσατε·
712 811 924 901 ἀπορρήτους
946 838 1070 901 ποιήε

15 917 167 1006 σάμενοι
195 917 372 1006 συνθήκας
398 915 482 1008 πρὸς
507 917 588 999 τοὺς
614 917 752 1000 κοινοὺς
777 925 983 1008 πολεμίους,
998 920 1043 1001 ὡς

18 1027 61 1092 ἐν
84 1029 131 1117 τῷ
154 1022 264 1110 ἀγῶνι
288 1024 599 1114 συνεπιθησόμενοι
621 1023 703 1114 ήμίυ
722 1024 792 1114 μετ’
814 1026 937 1112 αὐτῶν,
956 1029 1042 1096 ἐπει-

20 1130 67 1218 δή
105 1136 252 1219 πλησίου
291 1129 447 1220 ἀλλήλοιν
484 1132 670 1221 ἐγινόμεθα
705 1133 944 1215 καταλιπόντες
979 1132 1042 1221 τήν

22 1237 118 1319 τάξιν
141 1236 196 1326 ἐφ’
221 1234 266 1326 ἣν
289 1238 482 1326 ἐτάχθησαν
500 1237 630 1332 ᾤχοντο
648 1238 734 1325 πρὸς
754 1239 795 1310 τά
813 1245 958 1327 πλησίου
978 1238 1041 1328 ὄρη

30 1343 139 1438 δρόμμ
173 1347 491 1432 προκαταλαβέσθαι
528 1345 731 1427 σπεύδοντες
767 1343 808 1416 τὰ
840 1345 957 1436 ὀχυρά.
1012 1351 1044 1414 εί
1056 1319 1084 1449 3

26 1450 88 1536 μὲν
111 1444 175 1520 οὖν
198 1451 282 1520 κατὰ
304 1456 391 1521 νοῦν
414 1449 435 1540 ή
456 1466 556 1540 πείρα
578 1451 693 1535 αὐτοῖς
715 1453 848 1541 ἐχάρει,
872 1451 975 1522 οὐδὲν
997 1447 1042 1522 ἀν

10 1555 68 1627 ετὸ
90 1563 225 1628 κωλῦον
248 1552 292 1647 ήν
320 1556 469 1640 άπαντας
495 1557 582 1649 ἡμᾶς
609 1558 820 1630 ἀπολωλέναι
849 1561 1043 1630 κυκλωθέν·

23 1691 83 1745 τας
109 1662 177 1734 ὑπό
205 1692 240 1736 τε
267 1671 437 1753 πολεμίων
464 1667 521 1735 καλ
549 1672 675 1755 φίλων,
706 1668 762 1735 καί
789 1665 869 1747 τοὺς
895 1664 1043 1746 πολλοὺς

22 1777 83 1860 τῆς
109 1772 239 1854 πόλεως
266 1771 363 1862 ήμῶν
390 1771 539 1860 ἀγῶνας,
567 1769 628 1854 οὓς
658 1771 742 1862 ὑπὲρ
771 1777 831 1861 τής
862 1771 1044 1862 ἡγεμονίας

25 1877 283 1968 ἠγωνισάμεθα,
307 1881 345 1948 έν
368 1876 476 1970 ἡμέρᾳ
497 1882 733 1969 διαφθαρήναι
757 1883 825 1972 μιᾷ.
866 1877 980 1967 ἐπειδή
1005 1852 1083 1982 δέιῗ

28 1989 180 2056 διέπεσεν
221 1984 334 2056 αὐτῶν
375 1984 413 2056 τὸ
454 1985 626 2074 βούλευμα
665 1990 760 2055 θεῶν
801 1986 864 2074 μὲν
908 1984 1044 2066 εὐνοίας

27 2093 305 2180 προηγησαμένης
337 2089 482 2182 (ἁπάσας
516 2091 582 2181 γάρ
615 2099 718 2180 έγοιγε
754 2092 813 2173 τάς
848 2091 951 2174 καλὰς
986 2093 1043 2163 καὶ

29 2197 159 2285 ἀγαθὰς
186 2197 321 2286 πράξεις
349 2201 492 2280 ἐκείνοις
518 2197 733 2291 ἀνατίθημι),
762 2204 873 2269 ἔπειτα
900 2199 956 2268 καί
983 2203 1044 2286 τῆς

31 2308 107 2393 ἐμής
130 2313 330 2394 στρατηγίας
354 2303 415 2374 οάκ
434 2308 610 2394 ἐλαχίστην
634 2321 758 2394 μοῖραν
782 2316 829 2387 είς
850 2333 886 2375 τε
909 2304 947 2376 τὸ
967 2307 1044 2387 δέος

30 2416 94 2481 τῶν
117 2418 288 2500 πολεμίων
315 2411 371 2480 καί
398 2416 446 2492 είς
468 2409 507 2480 τὸ
534 2412 665 2500 θάρσος
691 2409 729 2482 τὸ
752 2408 915 2501 ὑμέτερον
938 2435 1042 2498 παρα·
1057 2427 1084 2468 ²⁰

33 2521 192 2607 σχομένης
215 2515 250 2608 (ἀ
275 2517 339 2605 γὰρ
363 2516 427 2605 ἐγιὸ
451 2520 488 2587 έν
507 2522 553 2612 τῷ
572 2518 647 2589 τότε
670 2517 778 2606 ἀγῶνι
797 2526 895 2608 ἔφην,
918 2515 964 2600 ὡς
981 2515 1039 2588 ὑπ’

34 2628 110 2712 ἐμοῦ
140 2627 381 2705 κελευσθέντες
404 2622 560 2711 Ἀλβαυοί
591 2626 973 2714 προκαταλαμβάνονται
1002 2623 1043 2695 τά

35 2730 91 2820 ὅρη
117 2731 315 2812 κυκλώσεως
345 2735 414 2802 τεόν
441 2721 612 2819 πολεμίων
644 2734 757 2819 ἕνεκα,
784 2732 960 2821 πλάσματα
987 2733 1043 2802 καὶ

36 2838 282 2926 στρατηγήματα
316 2830 360 2926 ήν
393 2837 487 2929 ἐμά),
522 2838 762 2927 κεχωρηκότων
795 2837 827 2906 δ’
861 2837 943 2927 ήμίν
974 2843 1044 2910 τῶν
1056 2837 1097 2903 10

36 2945 231 3032 πραγμάτων
256 2940 300 3025 έις
321 2942 403 3032 ἡμῖν
423 2946 611 3033 συνέφερεν
636 2943 697 3014 οὐκ
720 2939 763 3014 ἀν
783 2954 898 3034 εἴημεν
922 2945 1044 3034 ἀνδρες
1058 2960 1085 3002 ²⁶

38 3054 123 3132 οἴους
157 3049 246 3140 ἡμᾶς
280 3055 450 3140 προσῆκεν
482 3049 585 3138 είυαι,
617 3058 649 3122 εἰ
683 3050 727 3140 μή
764 3058 1043 3141 τιμωρησαίμεθα

102 3279 252 3354 4μάλιοτα
272 3300 294 3338 ο.
310 3283 447 3339 Biieheler
502 3289 535 3338 12
550 3278 661 3338 κωλόου
674 3284 699 3338 Α
755 3290 787 3339 13
803 3287 907 3354 φιλίων
921 3301 944 3339 ο.
955 3285 1045 3341 Cobet

42 3350 96 3409 Ob..
118 3373 144 3424 p.
164 3361 197 3410 67
277 3361 311 3409 14
333 3355 383 3424 τῆς
406 3350 514 3417 πόλεως
542 3354 596 3411 del.
623 3355 727 3411 Reiske
748 3357 751 3424 λ
774 3350 855 3425 ἡμῶν
878 3356 900 3410 Β
927 3351 997 3427 ἡμῖν
1020 3357 1046 3412 R

43 3427 70 3504 {1
88 3421 138 3494 ἐγὼ
158 3444 212 3482 om.
228 3427 251 3480 Β
307 3431 342 3482 24
357 3425 432 3552 w?
446 3427 469 3481 B
488 3420 523 3494 δὴ
540 3416 593 3482 οὖν
607 3426 663 3481 τῶν
681 3445 705 3484 ο.
718 3427 857 3483 Bfioheler
912 3433 947 3484 26
960 3447 1045 3498 προς-

45 3512 104 3561 ηιου
116 3501 140 3554 A
158 3491 298 3569 προσήκει
316 3498 412 3552 Bflche
424 3513 455 3553 er
