2396 3918
558 182 722 237 „B-

133 349 181 425 εἰς
205 348 381 432 ἐκκλησίαν
403 344 460 412 καί
482 341 522 413 τά
545 356 686 431 μαντεία
712 341 867 430 δηλιόσας
889 339 1050 430 βασιλεὺς
1072 339 1140 410 ἀτο-

133 455 304 521 δείκνυται
331 449 415 537 πρὸς
443 449 556 522 αὐτῶν
583 452 639 519 καί
666 449 890 538 κατεστήσατο
920 451 958 517 ἐν
988 454 1062 518 ἔθει
1083 464 1142 530 τοῖς

132 557 203 646 μετ’
232 556 337 628 αὐτὸν
368 556 472 626 ἅπασι
504 557 585 646 μήτε
617 563 789 645 βασιλείας
820 557 903 646 μήτε
935 554 1041 645 ἀρχὰς
1072 566 1140 644 λαμ

131 665 266 753 βάνειν,
290 665 350 734 ἐὰν
374 663 419 753 μὴ
442 666 498 733 καί
525 663 563 734 τὸ
588 664 770 752 δαιμόνιον
798 663 915 745 αὐτοῖς
940 667 1142 753 ἐπιθεσπίσῃ,

90 799 104 840 ι
133 774 281 860 διέμεινέ
300 799 336 842 τε
360 774 455 862 μέχρι
474 776 602 840 πολλοῦ
620 772 878 859 φυλαττόμενον
896 769 963 840 ἀπὸ
978 769 1141 858 Ῥωμαίων

131 877 169 949 τὸ
196 881 272 967 περὶ
298 877 378 960 τοὺς
399 877 611 968 ,οἰωνισμοὺς
642 878 806 967 νόμιμον,
840 877 882 947 οὐ
914 878 1024 966 μόνον
1057 883 1140 964 βασι

130 988 314 1074 λευομένης
349 989 408 1073 τῆς
442 985 585 1071 πόλεως,
622 983 708 1054 ἀλλὰ
748 986 805 1054 καί
844 983 926 1073 μετὰ
967 986 1143 1054 κατάλυσιν

129 1097 198 1161 τῶν
231 1092 411 1182 μονάρχων
443 1095 481 1162 ἐν
512 1090 651 1161 ὑπάτων
682 1093 738 1160 καί
766 1096 963 1182 στρατηγῶν
994 1093 1051 1160 καί
1077 1093 1175 1161 vavas

90 1197 244 1270 2ἀλλων
272 1203 342 1269 των
369 1197 452 1268 κατὰ
480 1198 611 1287 νόμους
641 1197 817 1287 ἀρχόντων
846 1200 981 1287 αίρέσει.
1027 1199 1144 1268 πέπαυ

91 1332 118 1373 ιο
131 1332 186 1374 ται
215 1304 246 1374 δ’
272 1309 310 1375 ἐν
339 1321 411 1386 τοῖς
436 1304 517 1376 καθ’
543 1303 630 1395 ἡμᾶς
656 1305 809 1395 χρόνοις,
831 1306 921 1394 πλὴν
952 1301 1029 1375 οἷον
1053 1305 1144 1375 είκόν

130 1441 180 1494 τις
208 1411 313 1482 αὐτοῦ
342 1417 488 1482 λείπεται
516 1417 576 1500 τῆς
603 1409 699 1493 ὁσίας
725 1411 830 1499 αὐτῆς
853 1416 951 1482 ἕνεκα
977 1415 1144 1507 χινομένη.
1195 1467 1196 1498 ,

131 1521 363 1602 ἐπαυλίζονται
393 1519 454 1607 μὲν
483 1517 547 1608 χάρ
577 1523 613 1588 οί
636 1517 696 1600 τάς
723 1517 828 1608 ἀρχάς
859 1522 1040 1608 μέλλοντες
1072 1527 1145 1608 λαμ·
1196 1569 1197 1646 χ

130 1626 249 1714 βάνειν
275 1628 332 1695 καί
358 1628 434 1713 περὶ
466 1623 527 1695 τὸν
556 1624 688 1716 όρθρον
720 1624 939 1714 ἀνιστάμενοι
970 1631 1146 1697 ποιοῦνταί

128 1761 225 1813 τινας
247 1732 346 1820 εὐχὰς
367 1731 559 1822 ὑπαίθριοι,
587 1735 656 1802 τιόν
681 1732 719 1801 δὲ
741 1732 922 1822 παρόντων
945 1732 1037 1814 τινες
1060 1731 1143 1822 ὀρνι-

90 1864 116 1904 ιι
129 1839 313 1908 θοσκόπων
337 1838 467 1927 μισθόν
489 1841 525 1920 ἐκ
547 1843 608 1908 τοῦ
633 1843 800 1928 δημοσίου
823 1840 1008 1928 φερόμενοι
1032 1838 1144 1929 ἀστρα-

129 1945 197 2035 πὴν
221 1944 335 2027 αὐτοῖς
357 1945 500 2034 μηνύειν
525 1948 562 2015 ἐκ
588 1950 657 2015 τῶν
680 1944 866 2035 ἀριστερῶν
890 1967 997 2034 φασιν
1020 1945 1084 2030 τάν
1107 1945 1144 2016 οό

91 2050 326 2141 3χευομένην.
374 2057 409 2122 οί
435 2052 472 2121 δὲ
499 2051 560 2122 τὸν
588 2056 624 2122 ἐκ
645 2057 704 2140 τῆς
727 2057 846 2141 φωνῆς
876 2053 1005 2123 οἰωνὸν
1029 2054 1144 2142 λαβόν-

127 2187 181 2241 τες
199 2158 400 2248 ἀπέρχονται
422 2158 481 2240 τάς
503 2157 606 2248 ἀρχὰς
624 2160 902 2248 παραληψόμενοι
925 2164 961 2230 ολ
978 2160 1042 2248 μὲν
1065 2159 1141 2230 αὐτὸ

128 2267 227 2338 τοῦθ’
255 2267 374 2336 ἱκανὸν
400 2264 696 2355 ὑπολαμβάνοντες
723 2265 811 2336 εἶναι
840 2266 878 2338 τὸ
902 2269 1035 2355 μηθένα
1057 2271 1143 2356 νενέ-

88 2405 115 2446 ιο
129 2384 212 2444 σθαι
234 2379 304 2445 τῶν
330 2375 601 2462 ἐναντιουμένων
629 2400 664 2443 τε
693 2375 750 2442 καί
772 2374 976 2443 κωλυόντων
1002 2379 1143 2460 οἰωνῶν,

130 2486 165 2550 ολ
186 2482 223 2551 δὲ
245 2479 414 2570 καί,παρά
437 2480 475 2550 τὸ
495 2480 649 2569 βούλημα
667 2485 729 2550 τοῦ
749 2485 837 2550 θεοῦ
854 2481 1060 2568 κωλύοντος,
1080 2489 1142 2551 ἔστι

127 2589 191 2677 γὰρ
216 2587 271 2657 ὅτε
293 2587 486 2676 βιαζόμενοι
509 2588 565 2656 καί
587 2585 647 2668 τὰς
669 2585 773 2674 ἀρχὰς
795 2584 999 2676 ἁρπάζοντες
1018 2593 1142 2676 μᾶλλον

88 2691 148 2762 4ἀ
173 2695 411 2783 λαμβάνοντες.
458 2691 503 2764 δι’
535 2690 594 2774 οὓς
621 2695 742 2762 πολλαί
769 2693 832 2782 μὲν
850 2683 897 2762 ’ἐν
926 2699 970 2784 γῇ
995 2695 1142 2784 στρατιαὶ

199 2969 215 3018 3
234 2959 469 3037 παραλαμβάνειν
488 2978 511 3016 ο.
526 2960 629 3016 Reiske
701 2967 719 3016 4
737 2920 918 3017 ἐπιθεσπίσά
936 2963 959 3016 Β
977 2965 1101 3031 θεσπίση
1117 2963 1139 3016 A

128 3041 143 3090 ’ί
162 3035 212 3104 τῆς
229 3034 339 3096 πόλεως
357 3031 579 3106 βασιλευομένης
596 3033 619 3086 Β
687 3038 719 3088 11
738 3033 788 3101 τῆς
807 3029 888 3096 ὁσίας
905 3027 1012 3104 ταάτης
1032 3034 1055 3090 0
1074 3050 1139 3090 corr.

128 3106 286 3177 Stephanus
310 3105 360 3174 τῆς
384 3102 464 3167 ὁσίας
482 3099 511 3173 χ’
532 3099 622 3172 αὐτῆς
640 3103 820 3162 casaubonus
893 3110 928 3159 14
946 3124 1027 3169 τινας
1046 3107 1075 3160 ελ
1092 3124 1138 3173 φε-

127 3177 263 3250 ρομένους
281 3195 305 3233 ο.
323 3176 467 3246 Kiessling
485 3175 530 3230 Pr.
545 3175 608 3231 Bas.
623 3194 650 3245 p.
665 3182 689 3231 6.
746 3179 780 3231 16
799 3175 911 3246 μισθῶν
929 3175 977 3230 Ba
1034 3183 1065 3232 16
1082 3171 1137 3232 ἔτι·

126 3252 275 3321 σημαίνειν
298 3249 345 3305 vel
366 3248 425 3304 tale
449 3247 518 3316 quid
541 3265 616 3317 susp.
633 3246 776 3318 Kiessling
800 3247 949 3316 σημαίνειν
969 3246 1059 3303 Cobet
1076 3248 1137 3302 Oba.

125 3339 154 3390 p.
172 3327 205 3376 41
228 3325 232 3390 Ι
253 3339 343 3406 φασιν
366 3315 399 3375 ἕκ
421 3319 479 3372 τῶν
502 3313 529 3371 ά.
555 3318 750 3388 ΟρῐιιείιοεΒ
829 3323 861 3372 18
880 3312 933 3381 τάς
956 3314 1046 3406 ἀρχὰς
1064 3315 1135 3387 AB!

126 3397 349 3480 περιληψοχιενοι
374 3392 400 3443 Α
486 3394 519 3442 21
546 3385 621 3442 ἔστιν
645 3382 692 3443 ὅτε
716 3388 819 3444 Βείελιο
906 3394 940 3445 22
968 3388 1138 3460 ἀρτιάζοντες

130 3461 236 3530 μάλλον
258 3481 276 3528 η
295 3459 319 3513 Β
338 3455 367 3514 ἀ.
387 3454 404 3527 ἢ
425 3478 451 3528 μ.
471 3460 496 3512 Α
569 3463 602 3514 23
623 3453 663 3512 δι’
683 3453 733 3522 οὓς
751 3459 803 3513 ΑΒ
