2396 3918
457 219 622 273 -Β-
981 218 1046 284 187

40 375 132 462 φύσις
152 373 333 465 ἁρμόττειν
355 376 436 460 τοὺς
457 381 555 464 βίους
576 375 675 467 ἡμών
692 377 826 468 ἤρξατο,
845 381 881 448 οί
896 377 959 466 μὲν
980 377 1046 448 ἀτιδ

39 486 97 552 τών
127 487 264 571 θηρίων
300 482 339 555 τδ
375 483 588 574 παράδειγμα
619 485 782 572 λαβόντες
812 483 959 574 ἀφέτους
990 486 1046 554 καί

39 587 145 670 κοινὰς
166 588 226 672 τὰς
249 591 353 678 μίξεις
375 593 538 678 ἐποίησαν
563 596 610 685 τῷ
633 591 753 681 ἄρρενι
775 592 859 681 πρὸς
880 591 919 662 τὸ
942 595 1046 680 θῆλυ,

40 693 77 777 ύς
97 698 267 786 ἐρωτικόν
293 723 329 767 τε
357 707 503 787 ολστρων
527 698 815 788 ἐλευθερώσοντες
841 697 921 781 τοὺς
949 703 1047 785 βίους

38 803 87 871 καὶ
121 802 229 891 ζήλων
266 800 526 891 ἀλληλοκτόνων
568 805 781 894 ἐξελούμενοι
818 807 874 876 καὶ
910 809 1073 876 τολλώνὸ

39 907 141 978 ἀλλων
164 907 414 992 ἀπαλλάξοντες
436 914 565 998 κατιών,
593 907 614 980 ἀ
636 911 884 1000 καταλαμβάνει
910 913 990 995 τούς
1010 937 1046 982 τε

40 1018 139 1096 ίδίους
163 1025 278 1099 οίκονς
295 1018 352 1088 καί
370 1015 430 1099 τδς
447 1017 561 1099 πόλεις
580 1016 661 1099 ὅλας
680 1017 737 1088 διδι
753 1032 928 1105 γυναλκας·
957 1021 992 1088 ολ
1008 1018 1046 1088 δὲ
1065 1022 1089 1088 5

39 1122 150 1203 ταύτας
172 1123 236 1212 μὲν
265 1123 430 1212 ἐξήλασαν
458 1127 494 1196 έιι
520 1128 589 1196 τών
616 1124 748 1195 πόλεων
775 1123 833 1206 τδις
855 1121 1047 1213 ἀγερώχους

42 1230 86 1297 καὶ
114 1228 301 1318 θηριώδεις
332 1219 518 1311 ισυνουσίας
551 1230 662 1318 ἀνδρα
695 1230 968 1320 συναρμόσαντες
1000 1234 1048 1312 είς

39 1350 173 1420 γυναῖκα
200 1343 299 1425 μίαν,
327 1337 404 1427 περὶ
437 1339 474 1406 δε
506 1341 661 1425 φυλακῆς
686 1337 804 1426 γάμων
830 1338 887 1406 καί
914 1356 1047 1426 σωφρο
1062 1369 1091 1410 ιο

40 1441 136 1530 σύνης
158 1448 331 1530 γυναικών
354 1453 557 1532 νομοθετεῖν
582 1442 659 1512 οὔτε
678 1450 792 1531 μεῖζον
815 1441 887 1512 οὔτ’
909 1449 1047 1515 ἔλαττον

40 1547 133 1619 ούδδν
169 1553 406 1639 ἐπεχείρησαν,
442 1548 517 1621 ἀλλ’
557 1547 602 1631 ώς
642 1549 816 1620 ἀδυνάτου
856 1550 1049 1639 πράγματος

38 1654 237 1744 ἀπέστησαν·
276 1661 312 1728 οί
342 1658 380 1728 δὲ
413 1657 490 1728 ούτε
524 1655 711 1745 ἀνεγγύους
742 1659 905 1745 ἐποίησαν
938 1655 1092 1746 ώσντερὸ

39 1769 117 1833 ἔνιοι
149 1769 219 1834 τών
256 1765 442 1856 βαρβάρων
475 1763 535 1846 τὰς
571 1761 795 1854 ἀφροδισίους
831 1767 935 1852 μίξεις
972 1762 1048 1834 οὔτε

2 1869 171 1958 ξδλάφύμιαν
191 1870 303 1961 ὥσπερ
328 1870 593 1960 Λακεδαιμόνιοι
616 1871 674 1952 τδις
698 1875 766 1942 τών
789 1873 961 1958 γυναικών
985 1897 1047 1958 φν-
1064 1903 1095 1944 ιε

38 1979 148 2066 λακός,
175 1976 262 2050 ἀλλά
290 1976 437 2059 πολλοὺς
464 1984 590 2047 έδεσαν
617 1976 669 2046 ἐντ’
691 1976 808 2058 αύταλς
835 1977 963 2066 νόμους
985 1996 1049 2044 σω-

38 2085 224 2172 φρονιστάς.
259 2085 326 2154 είσδ
347 2083 379 2152 δ’
405 2090 441 2154 οδ
456 2086 512 2153 καὶ
531 2083 640 2174 ἀρχήν
658 2111 735 2154 τινα
756 2085 962 2169 κατέστησαν
981 2084 1050 2151 ἐντι-

39 2195 265 2281 μελησομένην
289 2190 471 2280 εὐκοσμίας
497 2194 683 2278 γυναικών·
716 2189 757 2260 ού
780 2189 848 2280 μὴν
871 2188 1050 2276 ἀποχρῶσά

39 2326 71 2383 γε
91 2297 111 2387 ἡ
133 2298 282 2389 πρόνοια
306 2296 419 2366 αύτιεν
441 2300 501 2386 τῆς
522 2296 703 2384 τηρήσεως,
726 2287 811 2364 ἀλλά
834 2296 1050 2382 μαλακωτέρα

39 2411 92 2474 τού
115 2409 258 2489 δέοντος
277 2407 410 2492 ἐγένετο
432 2406 490 2473 καὶ
514 2402 575 2490 ούγ
604 2400 701 2489 ίκανὴ
725 2400 787 2489 τὴν
810 2400 854 2490 μη
881 2404 1050 2490 σπουδαίᾳ
1064 2433 1096 2473 το

42 2513 131 2597 φύσει
146 2514 359 2601 κεκραμένην
376 2514 425 2592 είς
442 2508 593 2597 ἀνάγκην
612 2514 691 2596 βίου
710 2506 889 2596 σώφρονος
902 2505 1050 2595 ἀγαγεῖν.

119 2620 224 2688 XXV.
250 2614 287 2684 Ὁ
310 2616 349 2686 δέ
367 2613 537 2704 Ῥωμύλος
560 2614 637 2684 οὔτε
660 2612 763 2701 ἀνδρί
785 2611 868 2684 κατά
891 2611 1052 2701 γυναικὸς

43 2725 221 2814 ἐγκλήματα
246 2721 329 2804 δούς
352 2727 543 2811 φθαρείσης
564 2717 585 2809 ἢ
613 2719 674 2791 τὸν
703 2719 797 2791 οἶκον
824 2718 949 2802 ἀδίκως
970 2719 1052 2790 ἀπο-

43 2831 195 2919 λιτοόσης
223 2829 303 2900 ούτε
331 2833 456 2917 γαμετῇ
483 2826 554 2897 κατ’
580 2824 708 2915 ἀνδρὸς
735 2828 916 2916 αἰτιωμένη
945 2827 1052 2896 κύκο-

104 2998 120 3046 3
144 2985 287 3059 ἐποίησαν
315 2987 470 3058 Kiessling,
498 2986 587 3042 Cobess
615 2985 681 3042 obs.
709 3004 737 3055 p.
763 2992 798 3042 46
836 2981 1053 3057 έποιήοαντοΟ

45 3057 319 3131 λέλενθερώσαντες
341 3061 368 3114 A
449 3065 465 3114 6
489 3051 705 3123 ἀπαλλάξαντες
727 3057 753 3112 A
833 3062 851 3114 8
873 3053 985 3128 ἤλασαν
1003 3059 1026 3113 Β
1047 3061 1052 3132 Ι

46 3126 71 3185 ίκ
87 3134 141 3189 τῶν
159 3129 274 3190 πόλεων
292 3133 317 3188 Β
336 3127 369 3186 ἐκ
387 3130 438 3198 τῆς
455 3125 565 3192 πόλεως
583 3129 609 3184 R
680 3134 697 3182 9
717 3125 768 3183 ἕνα
787 3122 880 3197 ἀνδρα
904 3147 927 3187 ο.
946 3131 1054 3202 Kayser

46 3201 105 3262 Am
122 3205 195 3276 phil.
215 3210 286 3260 1861
306 3207 370 3274 p.8
407 3196 492 3270 ἀνδρὶ
515 3194 743 3270 συναρμόσαντες
769 3202 1054 3268 qvv.1a.Ambrosoh

46 3272 91 3347 είς]
106 3272 177 3346 αρδς
199 3274 307 3332 Reiske
329 3274 377 3329 vel
400 3271 516 3342 γυναικὶ
537 3270 590 3342 μιᾷ
662 3276 696 3324 13
716 3267 746 3326 οδ
761 3267 814 3340 μὲν
837 3265 904 3327 οὔτε
923 3273 947 3328 Β
1020 3279 1055 3330 14

47 3347 122 3412 μίξεις
136 3349 160 3403 Β
174 3363 230 3404 om.
245 3347 273 3404 R
328 3350 361 3400 15
376 3337 594 3414 καραμελήτους
607 3335 727 3409 ἀφῆκαν
740 3358 763 3396 ο.
777 3341 882 3426 ⁸Reinke
939 3349 971 3399 1⁷
986 3364 1052 3400 κατ-

49 3413 154 3486 έστησάν
172 3419 283 3474 τεναΒ
357 3422 392 3472 10
411 3411 463 3484 τὴν
481 3412 638 3470 Ambrosch
656 3411 694 3466 τώ
715 3411 738 3465 Β
756 3431 788 3467 το
803 3412 829 3466 A
902 3420 935 3469 21
956 3433 1054 3486 συγκε-

48 3487 177 3557 κραμένον
197 3507 221 3545 ο.
240 3487 347 3544 Reieke
