2396 3918
453 245 618 299 -Β..

41 403 277 489 καταλεγέντων
312 407 360 484 είς
391 401 472 473 αὐτὸ
503 402 641 495 ἀνδρῶν
674 401 695 492 ή
729 405 773 473 δι’
805 404 929 496 ἀρετήν
964 406 1043 475 ταύ-

41 535 90 596 της
111 513 201 596 ἔτυχε
231 513 291 597 τής
318 509 519 596 ἐπικλήσεως
547 508 610 580 ούκ
638 517 701 599 ἐχω
729 510 767 581 τό
796 513 900 601 σαφές
927 517 1044 583 εἰπεῖν.

41 614 169 702 καὶγὰρ
193 613 273 696 τοὺς
293 618 542 707 πρεσβυτέρους
563 619 620 686 καὶ
644 617 723 699 τοὺς
745 617 904 708 ἀρίστους
925 621 1043 709 γέρον-

41 748 90 800 τας
110 722 277 791 εἰώθεσαν
300 725 336 792 οί
355 724 494 793 παλαιοὶ
507 732 633 794 καλεῖν.
671 728 706 794 οί
722 723 760 793 δὲ
773 728 966 813 μετέχοντες
981 730 1043 795 τοῦ

41 833 273 916 βουλευτηρίου
295 831 433 920 πατέρες
451 836 614 921 ἔγγραφοι
634 831 963 921 προσηγορεύθησαν
986 833 1043 901 καὶ
1070 849 1083 892 ⁶

41 937 139 1023 μέχρις
185 937 269 1023 ἐμοῦ
313 935 436 1024 ταύτης
477 937 663 1026 ἐτύγχανον
703 941 762 1024 τής
806 945 1042 1028 προσηγορίας.

37 1037 220 1128 Ἑλληνικὸν
244 1042 282 1111 δέ
305 1041 371 1132 ἄρα
388 1045 445 1113 καί
462 1048 562 1114 τοῦτο
578 1041 661 1132 <τὸ>
677 1048 758 1124 ἐθος
775 1035 828 1131 ἦν.
868 1059 939 1126 τοῖς
957 1049 1043 1132 γοῦν
1061 1047 1083 1112 4

43 1153 235 1235 βασιλεῦσιν,
260 1146 336 1218 ὅσοι
358 1175 393 1218 τε
419 1156 581 1238 πατρίους
607 1147 710 1238 ἀρχάς
736 1149 964 1239 παραλάβοιεν
986 1151 1043 1220 καλ

44 1250 125 1336 ὅσους
153 1253 175 1343 ή
204 1254 339 1344 πληθύς
366 1253 450 1344 αύτή
482 1256 724 1345 καταστήσαιτο
751 1255 934 1345 ἡγεμόνας,
962 1264 1042 1345 βου-

39 1362 204 1452 λευτήριον
231 1354 275 1451 ήν
304 1364 339 1432 ἐκ
365 1367 434 1432 τάν
461 1368 664 1452 κρατίστων,
693 1359 738 1444 οδς
757 1361 902 1454 Ὅμηρός
929 1391 964 1433 τε
987 1364 1043 1432 καὶ
1057 1393 1083 1434 ιο

39 1471 67 1536 οί
89 1467 308 1539 παλαιότατοι
340 1473 409 1540 τῶν
441 1475 591 1558 ποιητῶν
628 1475 851 1561 μαρτυροῦσι·
887 1473 944 1542 καὶ
981 1469 1043 1558 οὐχ

9 1573 139 1666 σιάσπερ
165 1580 203 1646 ἐν
224 1590 297 1658 τοῖς
314 1575 396 1646 καθ’
417 1573 505 1665 δμᾶς
522 1575 659 1665 χρόνοις
676 1575 841 1658 αὐθάδεις
863 1580 919 1647 καὶ
941 1604 1042 1667 μονο-

36 1682 199 1772 γνόμονες
220 1675 309 1771 ήσαν
332 1686 371 1752 σί
390 1686 459 1752 τῶν
482 1681 633 1772 ἀρχαίων
651 1686 818 1771 βασιλέων
838 1689 1042 1754 δυναστεῖαι.

111 1793 204 1860 XHL
236 1787 295 1870 Ὡς
323 1789 361 1859 δὲ
386 1789 652 1859 κατεσκευάσατο
679 1792 736 1860 καὶ
760 1790 798 1860 τὸ
821 1789 1063 1878 βουλευτικόνΙ

36 1900 94 1964 τῶν
115 1895 290 1986 γερόντων
304 1899 486 1984 συνέδριον
510 1898 628 1965 ἐκτῶν
645 1895 763 1966 ἑκατὸν
782 1895 930 1986 αἰνδράν,
950 1893 1040 1986 δρῶν
1055 1924 1081 1968 ιι

35 1999 106 2090 ὅπερ
129 2001 220 2084 είκὸς
243 2001 296 2072 ότι
318 2004 374 2072 καί
396 2001 553 2091 νεότητος
577 2001 665 2096 αύτῷ
685 2002 797 2091 δεήσει
815 2003 907 2084 τινὸς
925 2023 1041 2072 σνντε-

35 2113 206 2198 ταγμένης,
238 2101 259 2198 ή
292 2109 449 2198 χρήσεται
481 2112 633 2198 φυλακῆς
665 2113 762 2179 ἕνεκα
794 2113 856 2180 τοῦ
889 2107 1042 2198 στόματος

35 2216 187 2305 καὶπρὸς
210 2215 251 2285 τά
274 2221 513 2302 κατεπείγοντα
535 2220 603 2284 τῶν
628 2220 736 2304 ἔργων
754 2214 929 2306 ὑπηρεσίᾳ,
950 2241 1041 2303 τρια-

33 2328 158 2404 κοσίους
191 2321 323 2412 ἄνδρας
353 2324 388 2390 ἐκ
419 2325 488 2390 τῶν
521 2322 794 2409 ἐπιφανεστάτων
828 2331 930 2391 οίκων
962 2319 1042 2401 τοὺς

38 2427 339 2518 ἐρρωμενεστάτους
379 2425 449 2509 τοῖς
487 2428 647 2517 στόμασιν
689 2429 936 2518 ἐπιλεξάμενος,
983 2425 1042 2508 οὓς
1055 2457 1082 2498 ιο

36 2532 202 2618 ἀπέδειξαν
226 2537 264 2603 αί
284 2538 431 2624 φρᾶτραι
453 2533 514 2604 τὸν
537 2533 642 2606 αύτδν
665 2535 808 2624 τρόπον,
837 2533 940 2623 όνπερ
963 2533 1042 2615 τοὺς

36 2641 212 2724 βουλευτὰς
240 2643 358 2730 ἑκάστη
387 2641 519 2730 φράτρα
542 2643 622 2712 δέκα
650 2644 764 2728 νέους,
792 2642 934 2722 τούτους
962 2639 1042 2722 τοὺς

36 2743 152 2835 ἄνδρας
174 2748 228 2818 ἄελ
250 2751 327 2839 περὶ
350 2747 454 2818 αὑτὸν
478 2746 580 2836 εἶχεν·
612 2747 722 2837 όνομα
742 2749 780 2817 δὲ
797 2747 916 2818 κοινὸν
934 2746 1080 2819 ἅπαν-2

37 2879 79 2934 τες
99 2848 194 2940 οὗτοι
218 2863 318 2945 ἔσχον
340 2857 500 2944 κελέριοι,
524 2853 568 2937 ὡς
591 2855 653 2942 μέν
677 2859 713 2924 οί
732 2860 868 2935 πλείους
889 2856 1041 2945 γράφου-

96 3023 111 3070 2
129 3013 256 3088 κλήσεως
275 3035 298 3076 ο.
319 3017 477 3087 Stephanus
494 3020 498 3087 Ι
514 3012 545 3072 τὸ
565 3011 730 3086 άτφαλλςΑ
802 3021 818 3070 3
837 3011 904 3079 τούς
920 3019 1041 3088 πρεσβυ-

38 3081 126 3151 τάτους
154 3107 179 3146 ο.
203 3089 295 3145 Cobet
319 3089 384 3143 Obe.
407 3107 435 3158 p.
455 3093 488 3142 42
515 3092 520 3156 Ι
544 3088 594 3142 καλ
616 3083 747 3158 ἀρίστους
771 3088 795 3139 Α
877 3093 893 3141 7
917 3083 949 3142 τὸ
976 3088 1040 3144 αδδ.

39 3152 168 3231 Kiessling
255 3165 290 3214 14
312 3154 520 3215 κατεσκεύαστο
544 3176 566 3214 ο.
591 3159 747 3214 Ambrosoh
834 3165 867 3214 18
886 3153 1041 3228 ὑπηρεσίας

40 3242 57 3312 ς.
72 3229 207 3315 βῆσλιοΙοε
279 3237 314 3287 20
332 3231 382 3285 τού
406 3226 535 3317 σώματος
553 3231 579 3284 Α
649 3235 684 3316 μθ
704 3224 737 3284 ἐκ
755 3223 842 3298 άστης
867 3225 992 3316 φράτραι
1015 3231 1041 3284 Α

40 3315 141 3387 εταοχηι
174 3298 288 3373 φράτρα
311 3303 335 3356 Β
397 3321 514 3364 τουτονς
546 3321 576 3356 τε
609 3300 718 3364 τουςΔ
804 3307 838 3355 23
867 3319 957 3354 αυτον
985 3301 1041 3354 AB

41 3371 68 3422 λλ
90 3391 214 3436 απαντες
242 3364 323 3429 ούτοι
350 3305 432 3443 ίσχον
458 3373 480 3428 Β
517 3367 641 3435 ἅπαντες
669 3365 684 3426 δ
714 3369 763 3426 καί
791 3371 843 3426 νῦν
869 3369 1040 3440 κατέστησεν

42 3436 109 3564 ἔσχον
126 3443 318 3572 ARefff.k00bet
334 3443 400 3500 Var.
415 3445 493 3500 Ιιοολ.
511 3463 539 3514 p.
554 3450 606 3500 371
629 3437 757 3505 ἅπαντες
771 3436 834 3498 ὅσοι
853 3441 1041 3512 συγκατέστη-

70 3533 83 3565 τ
100 3533 121 3570 ο,
182 3535 207 3572 ιε
229 3535 244 3573 θ
