2396 3918
375 817 716 896 ΔΙΟΝΥΣΙΟΥ

400 991 684 1084 mmmmm

205 1132 478 1204 ΡΩΜΑΙΚΗΣ
501 1133 884 1202 ΑΡΧΑΙΟΔΟΓΙΑΣ

345 1294 490 1349 ιιουοε
509 1291 740 1349 ΔΕΥΤΕΡΟΣ.

118 1558 164 1630 Ἦ
176 1559 355 1649 Ῥωμαίων
373 1560 470 1642 πόλις
493 1563 628 1651 ἵδρυται
650 1560 712 1649 μέν
736 1563 773 1630 έν
795 1573 866 1642 τοίς
889 1561 1056 1651 ἑσπερίοις

46 1667 147 1757 μέρεσι
169 1671 232 1756 τῆς
257 1666 398 1749 Ἰταλίας
429 1668 505 1755 περὶ
537 1665 689 1756 ποταμὸν
721 1672 873 1757 Τέβεριν,
906 1664 944 1750 ὃς
970 1666 1053 1737 κατὰ

45 1775 140 1863 μέσην
168 1774 316 1865 μάλιστα
342 1774 404 1863 τῆν
436 1772 542 1863 ἆκτῆν
574 1777 769 1861 ἐκδίδωσιν,
796 1772 968 1864 ἀπέχουσα
995 1781 1055 1864 τῆς

48 1885 254 1971 Τυρρηνικῆς
280 1883 450 1971 θαλάττης
477 1881 596 1953 ἑκατὸν
627 1891 733 1952 είκοσι
756 1886 923 1964 σταδίους.
961 1887 997 1953 οί
1017 1885 1055 1953 δέ

43 1990 257 2079 ιωτασχόντες
280 1988 388 2079 αιἰτῆν
405 1994 532 2079 πρῶτοι
553 1994 623 2060 τόν
642 1991 951 2078 μνημονευομένων
973 1991 1054 2080 βόρ-
1082 2025 1095 2070 ς

47 2099 140 2184 βαροί
158 2123 252 2179 τινες
273 2089 361 2187 ἦσαν
384 2095 593 2187 αὐτόχθονες
615 2097 753 2167 Σικελοί
779 2098 954 2187 λεγόμενοι
977 2105 1055 2167 πολ-

7 2199 81 2271 ιιόλό
109 2205 166 2273 καὶ
205 2203 291 2275 ἄλλα
327 2208 388 2294 τῆς
420 2206 560 2286 Ἰταλίας
595 2209 702 2294 χωρία
737 2203 973 2293 κατασχόντες,
1005 2195 1054 2273 ὦν

45 2307 100 2378 οὐκ
121 2310 221 2400 ὀλίγα
250 2314 418 2400 διέμεινεν
446 2308 520 2381 οὐδ’
551 2310 668 2399 ἀφανῆ
696 2323 841 2400 μνημεία
868 2311 963 2399 μέχρι
986 2315 1054 2380 τῶν

43 2415 114 2486 καθ’
138 2415 230 2507 ἡμᾶς
251 2418 403 2508 χρόνων,
432 2421 470 2487 έν
492 2415 544 2499 οἷς
564 2418 620 2486 καὶ
642 2417 756 2487 τόπων
778 2420 882 2487 τινῶν
906 2415 1055 2505 ὀνόματα

45 2523 197 2594 Σικελικὰ
222 2524 402 2613 λεγόμενα,
432 2524 607 2613 μηνύοντα
628 2523 692 2613 την
714 2523 817 2594 πόλοι
840 2523 919 2593 ποτέ
943 2519 1056 2593 αὐτῶν
1070 2564 1097 2606 10

43 2631 219 2720 ἐνοίκησιν.
259 2631 402 2714 τούτους
420 2631 618 2720 ἐκβαλόντες
632 2628 837 2721 Ἀβοριγῖνες
859 2629 957 2700 αὐτοὶ
979 2638 1094 2703 κατ-2

46 2735 136 2825 έσχον
157 2737 221 2808 τὸν
243 2737 349 2808 τόπον
374 2738 556 2829 Οίνοότρων
582 2737 678 2819 ὄντες
698 2737 865 2825 όπόχονοι
886 2748 955 2807 τῶν
978 2764 1054 2807 κατ·
1080 2787 1086 2800 ·

45 2845 226 2915 οικοόντων
244 2847 307 2934 τῆν
325 2843 392 2916 όιπὸ
416 2848 587 2935 Τάραντος
603 2843 681 2934 ἄχρι
699 2849 933 2926 Ποσειδωνίας
949 2845 1054 2935 παρό-

45 2955 120 3022 λιον.
163 2952 239 3042 ίεροὶ
262 2980 313 3034 τις
335 2951 420 3040 αὕτη
445 2951 564 3040 νεότης
585 2961 840 3021 καθοσιωθεῖσα
856 2962 953 3034 θεοῖς
969 2953 1053 3023 κατὰ

45 3054 97 3125 τὸν
120 3058 302 3148 έπιχοόριον
325 3057 434 3148 νόμον
462 3056 528 3127 ὑπὸ
558 3061 627 3128 τόν
649 3060 802 3147 πατέρων
825 3057 1056 3149 ἀποσταλῆναι
1070 3090 1096 3134 ιι

46 3162 166 3250 λέγεται
185 3165 301 3255 χοόραν
320 3165 504 3255 οίκῆσονσα
516 3161 579 3253 τῆν
593 3163 659 3235 ὑπὸ
679 3170 740 3235 τοῦ
759 3170 941 3254 δαιμονίου
960 3175 1056 3255 σφίσι

109 3365 196 3432 mse
198 3360 250 3417 20
275 3381 333 3433 παρ
335 3358 354 3418 ἀ
378 3363 516 3418 Bflcheler
592 3361 698 3432 8διέμ
699 3379 730 3418 εν
713 3363 812 3416 νενΑ
891 3369 925 3418 10
943 3367 1055 3420 Σικελι-

47 3428 95 3492 ιῶε
128 3382 196 3489 ιοΙρ
209 3436 308 3490 Σικιελ
310 3434 353 3490 στι
394 3433 574 3491 Gasaubonus
609 3437 614 3504 Ι
648 3382 770 3556 λεχόῆεν
752 3451 790 3486 να
831 3433 884 3492 del.
919 3435 1057 3492 Bflcholer

49 3497 113 3554 1³*
94 3521 177 3576 αχρι.
193 3503 216 3558 Β
291 3512 324 3562 16
344 3508 496 3576 δαιμονίου
517 3507 538 3560 Β
558 3507 694 3576 δαίμονος
