2396 3918
461 243 627 294 -A-
876 241 1053 317 ,129

41 398 189 488 Ἀμολίου
216 399 258 470 τά
285 403 395 490 βρέφη
426 398 588 488 λαβόντες
616 403 653 470 ἐν
682 400 795 490 σκάφη
824 406 961 490 κείμενα
983 405 1052 470 τῶν

43 504 210 596 ὑπηρετῶν
242 533 334 588 τινες
365 513 490 597 ἔφερον
526 510 752 595 ἐμβαλοῦντες
783 513 831 588 είς
861 506 922 577 τὸν
953 529 1054 576 ποτα-

43 611 103 701 μὸν
129 611 296 701 ἀπέχοντα
326 619 386 702 τῆς
412 614 543 695 πόλεως
568 612 657 702 ἀμφί
688 613 767 695 τοῦς
797 613 915 683 ε’κατδν
948 623 1052 684 είκοσι

43 723 203 801 σταδίους.
258 723 330 790 ἐπεὶ
367 721 405 790 δὲ
442 720 541 809 έγγῦς
577 723 735 808 έγένοντο
771 723 828 789 καί
864 718 959 790 είδον
990 722 1093 802 έξωδ

42 831 97 895 τοῦ
119 833 265 914 γνησίου
284 829 428 915 ῥείθρου
450 827 512 898 τὸν
534 831 675 916 Τέβεριν
691 826 758 898 ῦπδ
776 827 953 917 χειμώνων
972 847 1053 896 συν-
1080 854 1093 895 ι

43 938 121 1020 εχῦν
155 936 420 1024 ἐκτετραμμένον
452 939 501 1016 είς
531 933 573 1004 ιδ
604 940 720 1021 πεδία,
751 935 955 1024 καταβάντες
986 931 1052 1004 ἀπὸ

44 1044 97 1108 τοῦ
123 1047 345 1110 Παλλαντίου
371 1046 431 1129 τῆς
457 1046 612 1129 κορυφῆς
640 1043 693 1110 έπί
722 1040 761 1111 τὸ
788 1043 1052 1129 προσεχέστατον

50 1144 139 1234 ὕδωρ,
155 1144 214 1236 (οῦ
231 1145 297 1236 γὰρ
315 1153 363 1218 ἔτι
376 1151 579 1238 προσωτέρω
593 1161 715 1237 χωρεῖν
731 1141 834 1217 οίοίτε
848 1140 950 1237 ἦσαν)
966 1153 1054 1216 ἔνθα

45 1258 168 1338 πρῶτον
192 1252 213 1341 ἡ
237 1258 300 1323 τοῦ
322 1259 475 1343 ποταμοῦ
501 1254 614 1344 πλήμη
642 1258 702 1341 τῆς
727 1251 896 1342 ὑπωρείας
921 1252 1053 1341 ἥπτετο,

41 1365 187 1428 τίθενται
209 1357 274 1446 τὴν
297 1358 433 1447 σκάφην
453 1362 506 1428 έπί
524 1365 585 1430 τοῦ
608 1359 741 1441 ὕδατος.
778 1359 858 1448 ἡδὲ
876 1361 971 1448 μέχρι
990 1363 1052 1448 μέν
1067 1387 1093 1426 10

40 1491 128 1545 τινος
150 1463 305 1553 ἐνήχετο,
335 1471 446 1535 ἔπειτα
469 1469 530 1535 τοῦ
553 1469 696 1556 ῥείθρου
722 1465 805 1536 κατά
827 1465 948 1556 μικρὸν
971 1464 1053 1536 ῦπο-

38 1575 227 1659 χωροῦντος
259 1574 295 1640 έκ
326 1576 396 1640 τοῖν
427 1574 505 1660 περί
543 1578 664 1660 ἔσχατα
695 1579 799 1642 λίθου
835 1580 1053 1661 προσπταίσει

7 1692 278 1765 ίιεπεριτραπεῖσα
297 1677 451 1765 ἐκβάλλει
473 1676 514 1748 τά
536 1682 656 1767 βρέφη.
698 1677 739 1748 τὰ
763 1678 824 1768 μὲν
848 1678 891 1767 δὴ
914 1679 1053 1762 κνυζαά-
1072 1670 1093 1735 6

36 1812 119 1873 μενα
141 1783 225 1853 κατά
252 1790 315 1854 τοῦ
336 1788 497 1873 τέλματος
524 1787 748 1871 ἐκυλινδεῖτο,
775 1784 919 1854 λῦκαινα
943 1787 984 1855 δέ
1002 1812 1053 1866 τις

36 1895 235 1979 ἐπιφανεῖσα
271 1891 429 1972 νεοτόκος
464 1894 648 1980 σπαργῶσα
687 1889 768 1972 τοῦς
804 1890 951 1980 μαστοὺς
986 1890 1052 1962 ὑπὸ
1067 1917 1092 1957 ιε

35 1999 198 2085 γάλακτος
224 1996 389 2067 ἀνεδίδου
420 1997 479 2078 τὰς
507 1996 618 2085 θηλάς
646 2011 718 2078 τοῖς
745 1997 909 2086 στόμασιν
939 1997 1052 2068 αῦτιῦν

35 2107 88 2174 καί
115 2110 157 2195 τῇ
185 2104 316 2194 γλοόττη
343 2103 405 2174 τὸν
431 2103 555 2192 πηλόν,
583 2096 611 2196 ςό
637 2104 816 2174 κατάπλεοι
844 2099 946 2193 ἦσαν,
974 2104 1051 2174 ἀπε-

35 2218 142 2300 λίχμα.
179 2215 218 2281 ἐν
238 2211 277 2281 δὲ
295 2211 404 2303 τούτῳ
422 2210 652 2298 τυγχάνουσιν
671 2214 708 2279 οί
723 2226 838 2300 νομεῖς
856 2211 1051 2294 έξελαόνον·

34 2346 84 2398 τες
109 2318 171 2400 τάς
200 2315 323 2405 ἀγέλας
350 2319 404 2386 έπί
430 2317 542 2406 νομήν
572 2316 652 2405 (ἤδη
680 2315 744 2406 γάρ
774 2315 919 2408 ἐμβατὸν
946 2311 1050 2406 ἦντὸ

36 2427 174 2516 χωρίον)
198 2431 259 2493 καί
277 2451 328 2504 τις
351 2422 464 2493 αὐτόν
489 2422 574 2492 ίδοδν
603 2423 666 2511 τὴν
690 2423 855 2494 λύκαιναν
879 2421 924 2504 οδς
946 2423 1050 2511 ἠσπά-
1065 2449 1091 2488 εο

38 2538 100 2612 ζετο
123 2531 166 2601 τά
190 2533 301 2620 βρέφη
323 2534 406 2612 τέως
428 2531 490 2619 μὲν
513 2528 641 2618 ἀχανὴς
666 2523 710 2618 ἦν
737 2528 804 2600 ῦπό
831 2557 866 2600 τε
894 2530 1052 2619 θάμβους

35 2639 86 2706 καὶ
108 2638 268 2718 ἀπιστίας
294 2642 363 2706 τῶν
390 2641 656 2725 θεωρουμένων·
687 2636 787 2706 ἔπειτ’
812 2636 972 2707 ἀπελθων
994 2641 1051 2707 καί

37 2748 194 2828 συλλέξας
208 2743 313 2824 ὅσους
326 2743 470 2813 έδῦνατο
483 2749 660 2824 πλείστους
673 2747 742 2812 τῶν
756 2742 862 2832 ἀγχοῦ
876 2745 1051 2834 νεμόντων

37 2849 87 2937 (οὐ
109 2851 177 2941 γὰρ
203 2849 392 2920 έπιστεῦετο
416 2851 540 2940 λέγων)
559 2848 634 2936 ἀγει
656 2842 804 2936 τοῦργον
823 2848 904 2919 αὐτὸ
927 2861 1050 2922 θεασο

37 2961 164 3042 μένους.
203 2956 249 3038 ὡς
273 2956 311 3025 δὲ
328 2954 478 3026 κάκεῖνοι
496 2963 640 3044 πλησίον
660 2955 819 3036 ἐλθόντες
838 2963 970 3044 ἔμαθον
988 2957 1050 3047 τὴν
1071 2931 1089 2994 7

1065 3017 1091 3057 25

100 3150 255 3225 9πλήμμη
269 3154 296 3207 A
313 3134 467 3222 πλήμνηΒ
503 3193 507 3200 .
540 3158 574 3207 12
593 3149 765 3222 περιέσχατα
780 3155 806 3206 Δ
823 3153 904 3222 πέριξ
925 3149 1049 3225 ἐσχάτων

37 3238 57 3277 ο.
74 3223 284 3311 Sylburg'neql
301 3218 338 3278 τά
357 3223 463 3294 ἔσχατα
482 3241 505 3278 ο.
523 3225 670 3279 Μοωλτιιεε
687 3225 760 3277 Ann.
794 3224 845 3278 hil.
865 3230 934 3280 1877
954 3244 980 3295 p.
997 3231 1049 3281 830
1118 3261 1148 3310 ι

68 3299 98 3350 13
117 3299 214 3363 κνυζω
237 3315 290 3350 ενα
313 3311 336 3349 ο.
357 3295 446 3350 Cobet
464 3295 529 3351 obs.
553 3313 581 3365 p.
601 3299 635 3350 35
712 3299 747 3347 14
781 3298 942 3350 καλινδεῖτο
961 3295 1050 3352 Cobet

38 3362 52 3448 λς
64 3365 80 3419 l.
145 3374 181 3423 16
200 3315 338 3422 άῦεδίδου
357 3367 379 3420 Β
398 3362 497 3422 ἐδίδου
515 3368 541 3420 R
603 3371 635 3420 17
660 3361 808 3451 κατάπλεω
828 3382 851 3419 ο.
867 3363 955 3450 θολερά
974 3367 1046 3440 1.1.λ

38 3439 208 3527 απελιχμᾶτο
227 3455 251 3495 ο.
267 3437 358 3526 (ἕρδοι
375 3439 394 3493 l.
413 3439 432 3493 l.
491 3443 526 3494 22
547 3435 646 3493 ἔπειτα
665 3433 759 3491 έλδων
779 3435 801 3490 0
817 3453 885 3492 corr.
905 3438 1049 3510 Klossling

67 3513 99 3561 23
120 3527 210 3573 οσονς
227 3510 251 3563 Β
269 3529 322 3571 ους
338 3511 364 3564 R

83 3613 187 3659 onm.
200 3618 266 3658 En.
280 3619 300 3660 L
318 3629 358 3660 ιω.
371 3618 474 3660 huon.
870 3597 886 3644 9
