<?xml version="1.0" encoding="UTF-8"?>
<!DOCTYPE html PUBLIC "-//W3C//DTD XHTML 1.0 Transitional//EN"
    "http://www.w3.org/TR/xhtml1/DTD/xhtml1-transitional.dtd">
<html xmlns="http://www.w3.org/1999/xhtml" xml:lang="en" lang="en">
 <head>
  <title>
</title>
<meta http-equiv="Content-Type" content="text/html;charset=utf-8" />
  <meta name='ocr-system' content='tesseract 3.04.00' />
  <meta name='ocr-capabilities' content='ocr_page ocr_carea ocr_par ocr_line ocrx_word'/>
</head>
<body>
  <div class='ocr_page' id='page_1' title='image "./antiquitatumrom00jacogoog_0254.png"; bbox 0 0 2408 3928; ppageno 0'>
   <div class='ocr_carea' id='block_1_1' title="bbox 572 198 738 252">
    <p class='ocr_par' dir='ltr' id='par_1_1' title="bbox 572 198 738 252">
     <span class='ocr_line' id='line_1_1' title="bbox 572 198 738 252; baseline 0 -14"><span class='ocrx_word' id='word_1_1' title='bbox 572 198 738 252; x_wconf 89' lang='lat' dir='ltr'><strong><em>-B-</em></strong></span> 
     </span>
    </p>
   </div>
   <div class='ocr_carea' id='block_1_2' title="bbox 98 353 1202 3128">
    <p class='ocr_par' dir='ltr' id='par_1_2' title="bbox 98 353 1202 3128">
     <span class='ocr_line' id='line_1_2' title="bbox 143 353 1149 447; baseline -0.003 -20"><span class='ocrx_word' id='word_1_2' title='bbox 143 363 373 447; x_wconf 78' lang='grc' dir='ltr'><strong><em>πρεσβευτῶν,</em></strong></span> <span class='ocrx_word' id='word_1_3' title='bbox 396 357 477 447; x_wconf 82' lang='grc' dir='ltr'><strong><em>πρὶν</em></strong></span> <span class='ocrx_word' id='word_1_4' title='bbox 501 355 578 440; x_wconf 74' lang='grc' dir='ltr'><strong><em>ὄψει</em></strong></span> <span class='ocrx_word' id='word_1_5' title='bbox 600 355 661 426; x_wconf 87' lang='grc' dir='ltr'><strong><em>τὸν</em></strong></span> <span class='ocrx_word' id='word_1_6' title='bbox 684 355 795 447; x_wconf 88' lang='grc' dir='ltr'><strong><em>ἀνδρα</em></strong></span> <span class='ocrx_word' id='word_1_7' title='bbox 819 361 907 427; x_wconf 81' lang='grc' dir='ltr'><strong><em>ἰδεῖν</em></strong></span> <span class='ocrx_word' id='word_1_8' title='bbox 931 354 1036 436; x_wconf 86' lang='grc' dir='ltr'><strong><em>πολὺς</em></strong></span> <span class='ocrx_word' id='word_1_9' title='bbox 1056 353 1149 426; x_wconf 83' lang='grc' dir='ltr'><strong><em>αὐτού</em></strong></span> 
     </span>
     <span class='ocr_line' id='line_1_3' title="bbox 143 461 1150 554; baseline -0.004 -20"><span class='ocrx_word' id='word_1_10' title='bbox 143 469 289 554; x_wconf 76' lang='grc' dir='ltr'><strong><em>παρέστη</em></strong></span> <span class='ocrx_word' id='word_1_11' title='bbox 319 466 445 551; x_wconf 87' lang='grc' dir='ltr'><strong><em>πόθος,</em></strong></span> <span class='ocrx_word' id='word_1_12' title='bbox 477 463 596 534; x_wconf 79' lang='grc' dir='ltr'><strong><em>ἱκανὸν</em></strong></span> <span class='ocrx_word' id='word_1_13' title='bbox 628 462 832 554; x_wconf 77' lang='grc' dir='ltr'><strong><em>ἡγουμένοις</em></strong></span> <span class='ocrx_word' id='word_1_14' title='bbox 862 463 1043 552; x_wconf 89' lang='grc' dir='ltr'><strong><em>τεκμήριον</em></strong></span> <span class='ocrx_word' id='word_1_15' title='bbox 1074 461 1150 532; x_wconf 79' lang='grc' dir='ltr'><strong><em>εἶναι</em></strong></span> 
     </span>
     <span class='ocr_line' id='line_1_4' title="bbox 143 569 1150 661; baseline -0.006 -18"><span class='ocrx_word' id='word_1_16' title='bbox 143 579 202 661; x_wconf 83' lang='grc' dir='ltr'><strong><em>τῆς</em></strong></span> <span class='ocrx_word' id='word_1_17' title='bbox 225 579 362 661; x_wconf 81' lang='grc' dir='ltr'><em>σοφίας,</em></span> <span class='ocrx_word' id='word_1_18' title='bbox 386 577 418 640; x_wconf 84' lang='grc' dir='ltr'><strong><em>εί</em></strong></span> <span class='ocrx_word' id='word_1_19' title='bbox 438 576 508 643; x_wconf 79' lang='grc' dir='ltr'><strong><em>τῶν</em></strong></span> <span class='ocrx_word' id='word_1_20' title='bbox 531 570 644 641; x_wconf 81' lang='grc' dir='ltr'><strong><em>ἄλλων</em></strong></span> <span class='ocrx_word' id='word_1_21' title='bbox 666 569 751 660; x_wconf 71' lang='grc' dir='ltr'><strong><em>ὑπὲρ</em></strong></span> <span class='ocrx_word' id='word_1_22' title='bbox 773 571 811 641; x_wconf 87' lang='grc' dir='ltr'><strong><em>τὸ</em></strong></span> <span class='ocrx_word' id='word_1_23' title='bbox 837 573 974 660; x_wconf 80' lang='grc' dir='ltr'><strong><em>μέτριον</em></strong></span> <span class='ocrx_word' id='word_1_24' title='bbox 998 573 1150 657; x_wconf 76' lang='grc' dir='ltr'><strong><em>ἐκτετιμη-</em></strong></span> 
     </span>
     <span class='ocr_line' id='line_1_5' title="bbox 142 677 1150 770; baseline -0.004 -20"><span class='ocrx_word' id='word_1_25' title='bbox 142 682 252 750; x_wconf 83' lang='grc' dir='ltr'><strong><em>κότων</em></strong></span> <span class='ocrx_word' id='word_1_26' title='bbox 280 687 456 770; x_wconf 78' lang='grc' dir='ltr'><strong><em>βασιλείαν</em></strong></span> <span class='ocrx_word' id='word_1_27' title='bbox 483 681 539 749; x_wconf 80' lang='grc' dir='ltr'><strong><em>καὶ</em></strong></span> <span class='ocrx_word' id='word_1_28' title='bbox 570 678 631 749; x_wconf 88' lang='grc' dir='ltr'><strong><em>τὸν</em></strong></span> <span class='ocrx_word' id='word_1_29' title='bbox 665 677 851 766; x_wconf 80' lang='grc' dir='ltr'><strong><em>εὐδαίμονα</em></strong></span> <span class='ocrx_word' id='word_1_30' title='bbox 882 685 960 765; x_wconf 80' lang='grc' dir='ltr'><strong><em>βίον</em></strong></span> <span class='ocrx_word' id='word_1_31' title='bbox 994 679 1032 746; x_wconf 77' lang='grc' dir='ltr'><strong><em>ἐν</em></strong></span> <span class='ocrx_word' id='word_1_32' title='bbox 1060 677 1150 767; x_wconf 86' lang='grc' dir='ltr'><strong><em>ταόιη</em></strong></span> 
     </span>
     <span class='ocr_line' id='line_1_6' title="bbox 103 783 1150 878; baseline -0.004 -20"><span class='ocrx_word' id='word_1_33' title='bbox 103 819 116 858; x_wconf 78' lang='grc' dir='ltr'><strong><em>ε</em></strong></span> <span class='ocrx_word' id='word_1_34' title='bbox 144 791 333 878; x_wconf 79' lang='grc' dir='ltr'><strong><em>τιθεμένων</em></strong></span> <span class='ocrx_word' id='word_1_35' title='bbox 365 788 470 876; x_wconf 81' lang='grc' dir='ltr'>μόνος</span> <span class='ocrx_word' id='word_1_36' title='bbox 498 789 625 867; x_wconf 81' lang='grc' dir='ltr'><strong><em>ἐκεῖνος</em></strong></span> <span class='ocrx_word' id='word_1_37' title='bbox 653 815 698 867; x_wconf 71' lang='grc' dir='ltr'><strong><em>ως</em></strong></span> <span class='ocrx_word' id='word_1_38' title='bbox 724 786 859 874; x_wconf 78' lang='grc' dir='ltr'><em>φαύλου</em></span> <span class='ocrx_word' id='word_1_39' title='bbox 889 785 984 866; x_wconf 88' lang='grc' dir='ltr'><strong><em>τινὸς</em></strong></span> <span class='ocrx_word' id='word_1_40' title='bbox 1012 787 1069 854; x_wconf 81' lang='grc' dir='ltr'><strong><em>καὶ</em></strong></span> <span class='ocrx_word' id='word_1_41' title='bbox 1102 783 1150 854; x_wconf 80' lang='grc' dir='ltr'><strong><em>οὐκ</em></strong></span> 
     </span>
     <span class='ocr_line' id='line_1_7' title="bbox 144 893 1150 984; baseline -0.003 -21"><span class='ocrx_word' id='word_1_42' title='bbox 144 893 241 977; x_wconf 77' lang='grc' dir='ltr'><strong><em>ἀξίου</em></strong></span> <span class='ocrx_word' id='word_1_43' title='bbox 283 899 435 983; x_wconf 90' lang='grc' dir='ltr'><strong><em>σπουδής</em></strong></span> <span class='ocrx_word' id='word_1_44' title='bbox 475 894 668 984; x_wconf 87' lang='grc' dir='ltr'><strong><em>πράγματος</em></strong></span> <span class='ocrx_word' id='word_1_45' title='bbox 706 908 934 983; x_wconf 66' lang='grc' dir='ltr'><strong><em>καταφρονεῖ,</em></strong></span> <span class='ocrx_word' id='word_1_46' title='bbox 976 917 1150 980; x_wconf 82' lang='grc' dir='ltr'><strong><em>παραγενο</em></strong></span> 
     </span>
     <span class='ocr_line' id='line_1_8' title="bbox 144 997 1149 1093; baseline -0.002 -23"><span class='ocrx_word' id='word_1_47' title='bbox 144 1004 234 1093; x_wconf 79' lang='grc' dir='ltr'><strong><em>μένςο</em></strong></span> <span class='ocrx_word' id='word_1_48' title='bbox 266 1029 301 1072; x_wconf 86' lang='grc' dir='ltr'><strong><em>τε</em></strong></span> <span class='ocrx_word' id='word_1_49' title='bbox 333 1002 493 1090; x_wconf 84' lang='grc' dir='ltr'><strong><em>ὑπήντων</em></strong></span> <span class='ocrx_word' id='word_1_50' title='bbox 526 1008 574 1071; x_wconf 81' lang='grc' dir='ltr'><strong><em>ἔτι</em></strong></span> <span class='ocrx_word' id='word_1_51' title='bbox 606 998 686 1070; x_wconf 89' lang='grc' dir='ltr'><strong><em>καθ’</em></strong></span> <span class='ocrx_word' id='word_1_52' title='bbox 718 998 801 1070; x_wconf 82' lang='grc' dir='ltr'><strong><em>ὁδὸν</em></strong></span> <span class='ocrx_word' id='word_1_53' title='bbox 834 997 909 1070; x_wconf 80' lang='grc' dir='ltr'><strong><em>ὄντι</em></strong></span> <span class='ocrx_word' id='word_1_54' title='bbox 941 997 1006 1068; x_wconf 83' lang='grc' dir='ltr'><strong><em>σὺν</em></strong></span> <span class='ocrx_word' id='word_1_55' title='bbox 1036 1001 1149 1089; x_wconf 75' lang='grc' dir='ltr'><strong><em>ἐπαίνῳ</em></strong></span> 
     </span>
     <span class='ocr_line' id='line_1_9' title="bbox 143 1105 1150 1202; baseline -0.004 -25"><span class='ocrx_word' id='word_1_56' title='bbox 143 1114 256 1202; x_wconf 76' lang='grc' dir='ltr'><strong><em>πολλῷ</em></strong></span> <span class='ocrx_word' id='word_1_57' title='bbox 288 1110 344 1178; x_wconf 82' lang='grc' dir='ltr'><strong><em>καὶ</em></strong></span> <span class='ocrx_word' id='word_1_58' title='bbox 376 1108 563 1198; x_wconf 73' lang='grc' dir='ltr'><strong><em>ἀσπασμοῖς</em></strong></span> <span class='ocrx_word' id='word_1_59' title='bbox 593 1109 649 1177; x_wconf 84' lang='grc' dir='ltr'><strong><em>καὶ</em></strong></span> <span class='ocrx_word' id='word_1_60' title='bbox 677 1122 749 1189; x_wconf 73' lang='grc' dir='ltr'><strong><em>ταῖς</em></strong></span> <span class='ocrx_word' id='word_1_61' title='bbox 776 1105 893 1188; x_wconf 85' lang='grc' dir='ltr'><strong><em>ἀλλαις</em></strong></span> <span class='ocrx_word' id='word_1_62' title='bbox 920 1121 1032 1196; x_wconf 74' lang='grc' dir='ltr'><strong><em>τιμαῖς</em></strong></span> <span class='ocrx_word' id='word_1_63' title='bbox 1059 1131 1150 1194; x_wconf 86' lang='grc' dir='ltr'><strong><em>παρα-</em></strong></span> 
     </span>
     <span class='ocr_line' id='line_1_10' title="bbox 105 1210 1149 1303; baseline 0 -23"><span class='ocrx_word' id='word_1_64' title='bbox 105 1217 329 1303; x_wconf 76' lang='grc' dir='ltr'><strong><em>3πέμποντες</em></strong></span> <span class='ocrx_word' id='word_1_65' title='bbox 357 1220 405 1296; x_wconf 87' lang='grc' dir='ltr'><strong><em>είς</em></strong></span> <span class='ocrx_word' id='word_1_66' title='bbox 425 1214 489 1303; x_wconf 88' lang='grc' dir='ltr'><strong><em>τήν</em></strong></span> <span class='ocrx_word' id='word_1_67' title='bbox 516 1215 626 1285; x_wconf 90' lang='grc' dir='ltr'><strong><em>πόλιν.</em></strong></span> <span class='ocrx_word' id='word_1_68' title='bbox 677 1217 852 1302; x_wconf 76' lang='grc' dir='ltr'><strong><em>ἐκκλησίας</em></strong></span> <span class='ocrx_word' id='word_1_69' title='bbox 879 1213 917 1282; x_wconf 72' lang='grc' dir='ltr'><strong><em>δὲ</em></strong></span> <span class='ocrx_word' id='word_1_70' title='bbox 949 1210 1031 1303; x_wconf 83' lang='grc' dir='ltr'><strong><em>μετὰ</em></strong></span> <span class='ocrx_word' id='word_1_71' title='bbox 1063 1216 1149 1282; x_wconf 81' lang='grc' dir='ltr'><strong><em>τοῦτο</em></strong></span> 
     </span>
     <span class='ocr_line' id='line_1_11' title="bbox 105 1314 1151 1410; baseline 0 -22"><span class='ocrx_word' id='word_1_72' title='bbox 105 1350 132 1390; x_wconf 79' lang='grc' dir='ltr'><strong><em>ιο</em></strong></span> <span class='ocrx_word' id='word_1_73' title='bbox 146 1328 383 1409; x_wconf 83' lang='grc' dir='ltr'><strong><em>συναχθείσης,</em></strong></span> <span class='ocrx_word' id='word_1_74' title='bbox 407 1324 444 1390; x_wconf 81' lang='grc' dir='ltr'><strong><em>ἐν</em></strong></span> <span class='ocrx_word' id='word_1_75' title='bbox 467 1314 489 1410; x_wconf 85' lang='grc' dir='ltr'><strong><em>ή</em></strong></span> <span class='ocrx_word' id='word_1_76' title='bbox 512 1321 695 1409; x_wconf 76' lang='grc' dir='ltr'><strong><em>διήνεγκαν</em></strong></span> <span class='ocrx_word' id='word_1_77' title='bbox 721 1319 802 1410; x_wconf 69' lang='grc' dir='ltr'><strong><em>ὑπὲρ</em></strong></span> <span class='ocrx_word' id='word_1_78' title='bbox 821 1318 928 1392; x_wconf 84' lang='grc' dir='ltr'><strong><em>αύτού</em></strong></span> <span class='ocrx_word' id='word_1_79' title='bbox 950 1319 1009 1400; x_wconf 82' lang='grc' dir='ltr'><strong><em>τὰς</em></strong></span> <span class='ocrx_word' id='word_1_80' title='bbox 1026 1321 1151 1408; x_wconf 72' lang='grc' dir='ltr'><strong><em>ψήφους</em></strong></span> 
     </span>
     <span class='ocr_line' id='line_1_12' title="bbox 144 1427 1150 1518; baseline 0.002 -24"><span class='ocrx_word' id='word_1_81' title='bbox 144 1431 182 1494; x_wconf 88' lang='grc' dir='ltr'><strong><em>αί</em></strong></span> <span class='ocrx_word' id='word_1_82' title='bbox 211 1429 317 1516; x_wconf 80' lang='grc' dir='ltr'><strong><em>φυλαὶ</em></strong></span> <span class='ocrx_word' id='word_1_83' title='bbox 349 1427 432 1496; x_wconf 81' lang='grc' dir='ltr'><strong><em>κατὰ</em></strong></span> <span class='ocrx_word' id='word_1_84' title='bbox 464 1429 615 1517; x_wconf 76' lang='grc' dir='ltr'><strong><em>φράτρας</em></strong></span> <span class='ocrx_word' id='word_1_85' title='bbox 645 1429 701 1497; x_wconf 83' lang='grc' dir='ltr'><strong><em>καλ</em></strong></span> <span class='ocrx_word' id='word_1_86' title='bbox 732 1432 801 1498; x_wconf 82' lang='grc' dir='ltr'><strong><em>τάν</em></strong></span> <span class='ocrx_word' id='word_1_87' title='bbox 832 1435 1018 1518; x_wconf 79' lang='grc' dir='ltr'><strong><em>πατρικίων</em></strong></span> <span class='ocrx_word' id='word_1_88' title='bbox 1051 1431 1150 1496; x_wconf 81' lang='grc' dir='ltr'><strong><em>ἐπικυ</em></strong></span> 
     </span>
     <span class='ocr_line' id='line_1_13' title="bbox 143 1533 1150 1627; baseline 0 -26"><span class='ocrx_word' id='word_1_89' title='bbox 143 1533 327 1620; x_wconf 85' lang='grc' dir='ltr'><strong><em>ρωσάντων</em></strong></span> <span class='ocrx_word' id='word_1_90' title='bbox 355 1533 396 1603; x_wconf 85' lang='grc' dir='ltr'><strong><em>τὰ</em></strong></span> <span class='ocrx_word' id='word_1_91' title='bbox 424 1534 569 1617; x_wconf 84' lang='grc' dir='ltr'><strong><em>δόξαντα</em></strong></span> <span class='ocrx_word' id='word_1_92' title='bbox 596 1539 642 1627; x_wconf 75' lang='grc' dir='ltr'><strong><em>τῷ</em></strong></span> <span class='ocrx_word' id='word_1_93' title='bbox 666 1535 791 1623; x_wconf 86' lang='grc' dir='ltr'><strong><em>πλήθει</em></strong></span> <span class='ocrx_word' id='word_1_94' title='bbox 817 1536 873 1604; x_wconf 80' lang='grc' dir='ltr'><strong><em>καὶ</em></strong></span> <span class='ocrx_word' id='word_1_95' title='bbox 896 1544 1090 1606; x_wconf 84' lang='grc' dir='ltr'><strong><em>τελευταῖον</em></strong></span> <span class='ocrx_word' id='word_1_96' title='bbox 1112 1540 1150 1604; x_wconf 71' lang='grc' dir='ltr'><strong><em>ἔτι</em></strong></span> 
     </span>
     <span class='ocr_line' id='line_1_14' title="bbox 143 1639 1149 1731; baseline 0.004 -23"><span class='ocrx_word' id='word_1_97' title='bbox 143 1644 213 1709; x_wconf 77' lang='grc' dir='ltr'><strong><em>τῶν</em></strong></span> <span class='ocrx_word' id='word_1_98' title='bbox 237 1639 500 1727; x_wconf 77' lang='grc' dir='ltr'><strong><em>ὀρνιθοσκόπων</em></strong></span> <span class='ocrx_word' id='word_1_99' title='bbox 523 1651 617 1711; x_wconf 85' lang='grc' dir='ltr'><strong><em>αίσια</em></strong></span> <span class='ocrx_word' id='word_1_100' title='bbox 639 1641 680 1712; x_wconf 80' lang='grc' dir='ltr'><strong><em>τὰ</em></strong></span> <span class='ocrx_word' id='word_1_101' title='bbox 702 1640 792 1731; x_wconf 84' lang='grc' dir='ltr'><strong><em>παρὰ</em></strong></span> <span class='ocrx_word' id='word_1_102' title='bbox 813 1646 875 1712; x_wconf 82' lang='grc' dir='ltr'><strong><em>τοῦ</em></strong></span> <span class='ocrx_word' id='word_1_103' title='bbox 898 1646 1081 1731; x_wconf 77' lang='grc' dir='ltr'><strong><em>δαιμονίου</em></strong></span> <span class='ocrx_word' id='word_1_104' title='bbox 1102 1662 1149 1727; x_wconf 86' lang='grc' dir='ltr'><strong><em>ση-</em></strong></span> 
     </span>
     <span class='ocr_line' id='line_1_15' title="bbox 104 1747 1150 1838; baseline 0.003 -25"><span class='ocrx_word' id='word_1_105' title='bbox 104 1749 127 1814; x_wconf 82' lang='grc'>4</span> <span class='ocrx_word' id='word_1_106' title='bbox 145 1755 221 1834; x_wconf 81' lang='grc' dir='ltr'><strong><em>μεῖα</em></strong></span> <span class='ocrx_word' id='word_1_107' title='bbox 244 1747 495 1837; x_wconf 81' lang='grc' dir='ltr'><strong><em>ἀποφηνάντων</em></strong></span> <span class='ocrx_word' id='word_1_108' title='bbox 517 1749 772 1838; x_wconf 82' lang='grc' dir='ltr'><strong><em>παραλαμβάνει</em></strong></span> <span class='ocrx_word' id='word_1_109' title='bbox 794 1748 857 1838; x_wconf 85' lang='grc' dir='ltr'><strong><em>τήν</em></strong></span> <span class='ocrx_word' id='word_1_110' title='bbox 880 1747 998 1838; x_wconf 85' lang='grc' dir='ltr'><strong><em>ἀρχήν.</em></strong></span> <span class='ocrx_word' id='word_1_111' title='bbox 1039 1753 1150 1818; x_wconf 83' lang='grc' dir='ltr'><strong><em>τούτου</em></strong></span> 
     </span>
     <span class='ocr_line' id='line_1_16' title="bbox 102 1851 1202 1945; baseline 0.004 -22"><span class='ocrx_word' id='word_1_112' title='bbox 102 1883 128 1923; x_wconf 83' lang='grc' dir='ltr'><strong><em>ιε</em></strong></span> <span class='ocrx_word' id='word_1_113' title='bbox 142 1851 204 1920; x_wconf 90' lang='grc' dir='ltr'><strong><em>τὸν</em></strong></span> <span class='ocrx_word' id='word_1_114' title='bbox 231 1851 340 1943; x_wconf 83' lang='grc' dir='ltr'><strong><em>ἀνδρα</em></strong></span> <span class='ocrx_word' id='word_1_115' title='bbox 363 1852 525 1943; x_wconf 73' lang='grc' dir='ltr'><strong><em>Ῥωμαῖοί</em></strong></span> <span class='ocrx_word' id='word_1_116' title='bbox 549 1876 634 1943; x_wconf 92' lang='grc' dir='ltr'><strong><em>φασι</em></strong></span> <span class='ocrx_word' id='word_1_117' title='bbox 662 1862 837 1945; x_wconf 82' lang='grc' dir='ltr'><strong><em>στρατείαν</em></strong></span> <span class='ocrx_word' id='word_1_118' title='bbox 864 1859 1033 1944; x_wconf 85' lang='grc' dir='ltr'><strong><em>μηδεμίαν</em></strong></span> <span class='ocrx_word' id='word_1_119' title='bbox 1063 1855 1150 1942; x_wconf 81' lang='grc' dir='ltr'><strong><em>ποιή</em></strong></span> <span class='ocrx_word' id='word_1_120' title='bbox 1201 1909 1202 1927; x_wconf 55' lang='lat'>2</span> 
     </span>
     <span class='ocr_line' id='line_1_17' title="bbox 142 1961 1149 2052; baseline 0.007 -27"><span class='ocrx_word' id='word_1_121' title='bbox 142 1968 285 2046; x_wconf 90' lang='grc' dir='ltr'><strong><em>σασθαι,</em></strong></span> <span class='ocrx_word' id='word_1_122' title='bbox 307 1965 454 2048; x_wconf 82' lang='grc' dir='ltr'><strong><em>θεοσεβῆ</em></strong></span> <span class='ocrx_word' id='word_1_123' title='bbox 477 1961 516 2030; x_wconf 71' lang='grc' dir='ltr'><strong><em>δὲ</em></strong></span> <span class='ocrx_word' id='word_1_124' title='bbox 537 1963 593 2032; x_wconf 78' lang='grc' dir='ltr'><strong><em>καὶ</em></strong></span> <span class='ocrx_word' id='word_1_125' title='bbox 617 1965 751 2032; x_wconf 75' lang='grc' dir='ltr'><strong><em>δίκαιον</em></strong></span> <span class='ocrx_word' id='word_1_126' title='bbox 770 1961 956 2050; x_wconf 81' lang='grc' dir='ltr'><strong><em>γενόμενον</em></strong></span> <span class='ocrx_word' id='word_1_127' title='bbox 980 1965 1019 2031; x_wconf 83' lang='grc' dir='ltr'><strong><em>ἐν</em></strong></span> <span class='ocrx_word' id='word_1_128' title='bbox 1043 1962 1149 2052; x_wconf 78' lang='grc' dir='ltr'><strong><em>εἰρήνη</em></strong></span> 
     </span>
     <span class='ocr_line' id='line_1_18' title="bbox 141 2066 1150 2159; baseline 0.006 -26"><span class='ocrx_word' id='word_1_129' title='bbox 141 2066 251 2136; x_wconf 91' lang='grc' dir='ltr'><strong><em>πάντα</em></strong></span> <span class='ocrx_word' id='word_1_130' title='bbox 288 2066 349 2136; x_wconf 87' lang='grc' dir='ltr'><strong><em>τὸν</em></strong></span> <span class='ocrx_word' id='word_1_131' title='bbox 385 2072 444 2156; x_wconf 85' lang='grc' dir='ltr'><strong><em>τής</em></strong></span> <span class='ocrx_word' id='word_1_132' title='bbox 479 2067 584 2157; x_wconf 81' lang='grc' dir='ltr'><strong><em>ἀρχῆς</em></strong></span> <span class='ocrx_word' id='word_1_133' title='bbox 619 2067 748 2159; x_wconf 85' lang='grc' dir='ltr'><strong><em>χρόνον</em></strong></span> <span class='ocrx_word' id='word_1_134' title='bbox 786 2071 974 2140; x_wconf 77' lang='grc' dir='ltr'><strong><em>διατελέσαι</em></strong></span> <span class='ocrx_word' id='word_1_135' title='bbox 1005 2069 1062 2139; x_wconf 83' lang='grc' dir='ltr'><strong><em>καὶ</em></strong></span> <span class='ocrx_word' id='word_1_136' title='bbox 1096 2067 1150 2157; x_wconf 85' lang='grc' dir='ltr'><strong><em>τήν</em></strong></span> 
     </span>
     <span class='ocr_line' id='line_1_19' title="bbox 143 2171 1201 2265; baseline 0.003 -26"><span class='ocrx_word' id='word_1_137' title='bbox 143 2171 244 2243; x_wconf 90' lang='grc' dir='ltr'><strong><em>πόλιν</em></strong></span> <span class='ocrx_word' id='word_1_138' title='bbox 280 2172 399 2262; x_wconf 88' lang='grc' dir='ltr'><strong><em>ἀριστα</em></strong></span> <span class='ocrx_word' id='word_1_139' title='bbox 431 2177 695 2264; x_wconf 78' lang='grc' dir='ltr'><strong><em>πολιτευομένην</em></strong></span> <span class='ocrx_word' id='word_1_140' title='bbox 732 2191 932 2265; x_wconf 74' lang='grc' dir='ltr'><strong><em>παρασχεῖν,</em></strong></span> <span class='ocrx_word' id='word_1_141' title='bbox 969 2175 1092 2263; x_wconf 80' lang='grc' dir='ltr'><strong><em>λόγους</em></strong></span> <span class='ocrx_word' id='word_1_142' title='bbox 1119 2199 1186 2248; x_wconf 73' lang='grc' dir='ltr'><strong><em>τειει</em></strong></span> <span class='ocrx_word' id='word_1_143' title='bbox 1200 2233 1201 2242; x_wconf 73' lang='grc'><strong><em>,</em></strong></span> 
     </span>
     <span class='ocr_line' id='line_1_20' title="bbox 141 2275 1148 2370; baseline 0.003 -24.155"><span class='ocrx_word' id='word_1_144' title='bbox 141 2275 226 2366; x_wconf 75' lang='grc' dir='ltr'><strong><em>ὑπὲρ</em></strong></span> <span class='ocrx_word' id='word_1_145' title='bbox 256 2278 362 2348; x_wconf 83' lang='grc' dir='ltr'><strong><em>αὐτοῦ</em></strong></span> <span class='ocrx_word' id='word_1_146' title='bbox 392 2278 539 2361; x_wconf 81' lang='grc' dir='ltr'><strong><em>πολλοὺς</em></strong></span> <span class='ocrx_word' id='word_1_147' title='bbox 567 2282 623 2350; x_wconf 77' lang='grc' dir='ltr'><strong><em>καὶ</em></strong></span> <span class='ocrx_word' id='word_1_148' title='bbox 651 2280 870 2370; x_wconf 81' lang='grc' dir='ltr'><strong><em>θαυμαστοὺς</em></strong></span> <span class='ocrx_word' id='word_1_149' title='bbox 895 2281 1095 2370; x_wconf 79' lang='grc' dir='ltr'><strong><em>λέγουσιν’</em></strong></span> <span class='ocrx_word' id='word_1_150' title='bbox 1078 2310 1148 2351; x_wconf 89' lang='grc' dir='ltr'><strong><em>ανα-</em></strong></span> 
     </span>
     <span class='ocr_line' id='line_1_21' title="bbox 100 2385 1200 2478; baseline 0.007 -24"><span class='ocrx_word' id='word_1_151' title='bbox 100 2415 127 2456; x_wconf 80' lang='grc' dir='ltr'><strong><em>ιο</em></strong></span> <span class='ocrx_word' id='word_1_152' title='bbox 141 2388 302 2474; x_wconf 82' lang='grc' dir='ltr'><strong><em>φέροντες</em></strong></span> <span class='ocrx_word' id='word_1_153' title='bbox 332 2385 395 2474; x_wconf 88' lang='grc' dir='ltr'><strong><em>τήν</em></strong></span> <span class='ocrx_word' id='word_1_154' title='bbox 427 2385 651 2477; x_wconf 75' lang='grc' dir='ltr'><strong><em>ἀνθρωπίνην</em></strong></span> <span class='ocrx_word' id='word_1_155' title='bbox 680 2396 806 2477; x_wconf 88' lang='grc' dir='ltr'><strong><em>σοφίαν</em></strong></span> <span class='ocrx_word' id='word_1_156' title='bbox 834 2396 881 2471; x_wconf 87' lang='grc' dir='ltr'><strong><em>είς</em></strong></span> <span class='ocrx_word' id='word_1_157' title='bbox 907 2395 1002 2459; x_wconf 90' lang='grc' dir='ltr'><strong><em>θεων</em></strong></span> <span class='ocrx_word' id='word_1_158' title='bbox 1031 2389 1200 2478; x_wconf 86' lang='grc' dir='ltr'><strong><em>ὑποθή</em></strong></span> 
     </span>
     <span class='ocr_line' id='line_1_22' title="bbox 98 2490 1200 2586; baseline 0.002 -24"><span class='ocrx_word' id='word_1_159' title='bbox 98 2497 208 2572; x_wconf 70' lang='lat' dir='ltr'><strong><em>bacae.</em></strong></span> <span class='ocrx_word' id='word_1_160' title='bbox 249 2490 389 2580; x_wconf 83' lang='grc' dir='ltr'><strong><em>νύμφην</em></strong></span> <span class='ocrx_word' id='word_1_161' title='bbox 407 2492 472 2581; x_wconf 88' lang='grc' dir='ltr'><strong><em>γάρ</em></strong></span> <span class='ocrx_word' id='word_1_162' title='bbox 491 2520 568 2564; x_wconf 92' lang='grc' dir='ltr'><strong><em>τινα</em></strong></span> <span class='ocrx_word' id='word_1_163' title='bbox 587 2501 842 2584; x_wconf 81' lang='grc' dir='ltr'><strong><em>μυθολογοῦσιν</em></strong></span> <span class='ocrx_word' id='word_1_164' title='bbox 858 2494 1016 2585; x_wconf 85' lang='grc' dir='ltr'><strong><em>Ἠγερίαν</em></strong></span> <span class='ocrx_word' id='word_1_165' title='bbox 1035 2501 1147 2586; x_wconf 85' lang='grc' dir='ltr'><strong><em>φοιτᾶν</em></strong></span> <span class='ocrx_word' id='word_1_166' title='bbox 1199 2543 1200 2586; x_wconf 59' lang='grc' dir='ltr'><strong><em>η</em></strong></span> 
     </span>
     <span class='ocr_line' id='line_1_23' title="bbox 139 2596 1200 2700; baseline 0.005 -34"><span class='ocrx_word' id='word_1_167' title='bbox 139 2596 223 2686; x_wconf 85' lang='grc' dir='ltr'><strong><em>πρὸς</em></strong></span> <span class='ocrx_word' id='word_1_168' title='bbox 246 2597 349 2668; x_wconf 84' lang='grc' dir='ltr'><strong><em>αὐτὸν</em></strong></span> <span class='ocrx_word' id='word_1_169' title='bbox 374 2600 528 2671; x_wconf 85' lang='grc' dir='ltr'><strong><em>ἑκάστοτε</em></strong></span> <span class='ocrx_word' id='word_1_170' title='bbox 551 2603 783 2673; x_wconf 77' lang='grc' dir='ltr'><strong><em>διδάσκουσαν</em></strong></span> <span class='ocrx_word' id='word_1_171' title='bbox 811 2602 875 2692; x_wconf 87' lang='grc' dir='ltr'><strong><em>τήν</em></strong></span> <span class='ocrx_word' id='word_1_172' title='bbox 897 2604 1077 2692; x_wconf 82' lang='grc' dir='ltr'><strong><em>βασιλικήν</em></strong></span> <span class='ocrx_word' id='word_1_173' title='bbox 1100 2624 1148 2672; x_wconf 78' lang='grc' dir='ltr'><strong><em>σο</em></strong></span> <span class='ocrx_word' id='word_1_174' title='bbox 1199 2611 1200 2700; x_wconf 64' lang='grc' dir='ltr'><strong><em>ή</em></strong></span> 
     </span>
     <span class='ocr_line' id='line_1_24' title="bbox 139 2706 1199 2800; baseline 0.006 -28"><span class='ocrx_word' id='word_1_175' title='bbox 139 2709 238 2791; x_wconf 87' lang='grc' dir='ltr'><strong><em>φίαν,</em></strong></span> <span class='ocrx_word' id='word_1_176' title='bbox 264 2708 370 2796; x_wconf 78' lang='grc' dir='ltr'><strong><em>ἕτεροι</em></strong></span> <span class='ocrx_word' id='word_1_177' title='bbox 395 2707 432 2776; x_wconf 76' lang='grc' dir='ltr'><strong><em>δὲ</em></strong></span> <span class='ocrx_word' id='word_1_178' title='bbox 452 2706 493 2778; x_wconf 86' lang='grc' dir='ltr'><strong><em>ού</em></strong></span> <span class='ocrx_word' id='word_1_179' title='bbox 516 2709 670 2798; x_wconf 85' lang='grc' dir='ltr'><strong><em>νύμφην,</em></strong></span> <span class='ocrx_word' id='word_1_180' title='bbox 694 2709 778 2780; x_wconf 83' lang='grc' dir='ltr'><strong><em>ἀλλὰ</em></strong></span> <span class='ocrx_word' id='word_1_181' title='bbox 801 2715 870 2780; x_wconf 77' lang='grc' dir='ltr'><strong><em>τόν</em></strong></span> <span class='ocrx_word' id='word_1_182' title='bbox 889 2716 1045 2782; x_wconf 77' lang='grc' dir='ltr'><strong><em>Μουσῶν</em></strong></span> <span class='ocrx_word' id='word_1_183' title='bbox 1064 2717 1146 2800; x_wconf 89' lang='grc' dir='ltr'><strong><em>μίαν.</em></strong></span> <span class='ocrx_word' id='word_1_184' title='bbox 1198 2729 1199 2744; x_wconf 70' lang='grc'>’</span> 
     </span>
     <span class='ocr_line' id='line_1_25' title="bbox 139 2812 1144 2906; baseline 0.006 -28"><span class='ocrx_word' id='word_1_185' title='bbox 139 2812 195 2878; x_wconf 80' lang='grc' dir='ltr'><strong><em>καὶ</em></strong></span> <span class='ocrx_word' id='word_1_186' title='bbox 217 2814 319 2882; x_wconf 77' lang='grc' dir='ltr'><strong><em>τοῦτό</em></strong></span> <span class='ocrx_word' id='word_1_187' title='bbox 336 2831 420 2900; x_wconf 91' lang='grc' dir='ltr'><strong><em>φασι</em></strong></span> <span class='ocrx_word' id='word_1_188' title='bbox 443 2816 603 2900; x_wconf 82' lang='grc' dir='ltr'><strong><em>γενέσθαι</em></strong></span> <span class='ocrx_word' id='word_1_189' title='bbox 622 2821 702 2885; x_wconf 86' lang='grc' dir='ltr'><strong><em>πᾶσι</em></strong></span> <span class='ocrx_word' id='word_1_190' title='bbox 721 2816 883 2906; x_wconf 88' lang='grc' dir='ltr'><strong><em>φανερόν.</em></strong></span> <span class='ocrx_word' id='word_1_191' title='bbox 920 2816 1144 2886; x_wconf 83' lang='grc' dir='ltr'><strong><em>ἀπιστούντων</em></strong></span> 
     </span>
     <span class='ocr_line' id='line_1_26' title="bbox 100 2915 1143 3012; baseline 0.002 -24"><span class='ocrx_word' id='word_1_192' title='bbox 100 2948 126 2988; x_wconf 79' lang='grc' dir='ltr'><strong><em>ιτ</em></strong></span> <span class='ocrx_word' id='word_1_193' title='bbox 140 2915 220 3006; x_wconf 83' lang='grc' dir='ltr'><strong><em>γάρ,</em></strong></span> <span class='ocrx_word' id='word_1_194' title='bbox 249 2915 294 2998; x_wconf 78' lang='grc' dir='ltr'><strong><em>ὡς</em></strong></span> <span class='ocrx_word' id='word_1_195' title='bbox 322 2925 424 3005; x_wconf 80' lang='grc' dir='ltr'><strong><em>ἔοικε,</em></strong></span> <span class='ocrx_word' id='word_1_196' title='bbox 450 2923 520 2988; x_wconf 77' lang='grc' dir='ltr'><strong><em>τῶν</em></strong></span> <span class='ocrx_word' id='word_1_197' title='bbox 552 2918 747 3010; x_wconf 75' lang='grc' dir='ltr'><strong><em>ἀνθρώπων</em></strong></span> <span class='ocrx_word' id='word_1_198' title='bbox 778 2921 851 2992; x_wconf 85' lang='grc' dir='ltr'><strong><em>κατ’</em></strong></span> <span class='ocrx_word' id='word_1_199' title='bbox 876 2921 981 3012; x_wconf 81' lang='grc' dir='ltr'><strong><em>ἀρχάς</em></strong></span> <span class='ocrx_word' id='word_1_200' title='bbox 1012 2925 1067 2992; x_wconf 78' lang='grc' dir='ltr'><strong><em>καὶ</em></strong></span> <span class='ocrx_word' id='word_1_201' title='bbox 1095 2947 1143 2990; x_wconf 83' lang='grc' dir='ltr'><strong><em>τε·</em></strong></span> 
     </span>
     <span class='ocr_line' id='line_1_27' title="bbox 139 3023 1198 3128; baseline 0.002 -34"><span class='ocrx_word' id='word_1_202' title='bbox 139 3023 290 3095; x_wconf 87' lang='grc' dir='ltr'><strong><em>πλάσθαι</em></strong></span> <span class='ocrx_word' id='word_1_203' title='bbox 317 3025 525 3115; x_wconf 79' lang='grc' dir='ltr'><strong><em>νομιζόντων</em></strong></span> <span class='ocrx_word' id='word_1_204' title='bbox 554 3025 615 3096; x_wconf 88' lang='grc' dir='ltr'><strong><em>τὸν</em></strong></span> <span class='ocrx_word' id='word_1_205' title='bbox 637 3029 713 3118; x_wconf 79' lang='grc' dir='ltr'><strong><em>περὶ</em></strong></span> <span class='ocrx_word' id='word_1_206' title='bbox 735 3029 801 3118; x_wconf 56' lang='grc' dir='ltr'><strong><em>ζτής</em></strong></span> <span class='ocrx_word' id='word_1_207' title='bbox 823 3034 908 3111; x_wconf 82' lang='grc' dir='ltr'><strong><em>θεᾶς</em></strong></span> <span class='ocrx_word' id='word_1_208' title='bbox 931 3028 1051 3118; x_wconf 88' lang='grc' dir='ltr'><strong><em>λόγον,</em></strong></span> <span class='ocrx_word' id='word_1_209' title='bbox 1073 3034 1143 3116; x_wconf 75' lang='grc' dir='ltr'><strong><em>βου</em></strong></span> <span class='ocrx_word' id='word_1_210' title='bbox 1197 3121 1198 3128; x_wconf 14' lang='lat'>¹</span> 
     </span>
    </p>
   </div>
   <div class='ocr_carea' id='block_1_3' title="bbox 1189 3543 1197 3871">
    <p class='ocr_par' dir='ltr' id='par_1_3' title="bbox 1189 3509 1197 3871">
     <span class='ocr_line' id='line_1_28' title="bbox 1189 3543 1197 3871; baseline 0 -353"><span class='ocrx_word' id='word_1_211' title='bbox 1189 3543 1197 3871; x_wconf 23' lang='grc' dir='ltr'>ψ</span> 
     </span>
    </p>
   </div>
   <div class='ocr_carea' id='block_1_4' title="bbox 139 3253 1141 3402">
    <p class='ocr_par' dir='ltr' id='par_1_4' title="bbox 139 3253 1141 3402">
     <span class='ocr_line' id='line_1_29' title="bbox 210 3253 1141 3332; baseline -0.002 -18"><span class='ocrx_word' id='word_1_212' title='bbox 210 3255 279 3314; x_wconf 67' lang='grc' dir='ltr'><strong><em>λέν</em></strong></span> <span class='ocrx_word' id='word_1_213' title='bbox 297 3253 429 3328; x_wconf 87' lang='grc' dir='ltr'><strong><em>ταύτηΒ</em></strong></span> <span class='ocrx_word' id='word_1_214' title='bbox 458 3253 590 3314; x_wconf 70' lang='grc' dir='ltr'><strong><em>ἐνταῦθα</em></strong></span> <span class='ocrx_word' id='word_1_215' title='bbox 607 3259 633 3313; x_wconf 79' lang='lat' dir='ltr'>R</span> <span class='ocrx_word' id='word_1_216' title='bbox 714 3259 968 3332; x_wconf 81' lang='grc' dir='ltr'><strong><em>θπαραγινομένφ</em></strong></span> <span class='ocrx_word' id='word_1_217' title='bbox 988 3279 1012 3316; x_wconf 85' lang='grc' dir='ltr'><strong><em>ο.</em></strong></span> <span class='ocrx_word' id='word_1_218' title='bbox 1027 3259 1141 3316; x_wconf 71' lang='lat' dir='ltr'><strong>Hertlein</strong></span> 
     </span>
     <span class='ocr_line' id='line_1_30' title="bbox 139 3316 1141 3402; baseline 0 -19"><span class='ocrx_word' id='word_1_219' title='bbox 139 3331 255 3383; x_wconf 78' lang='lat' dir='ltr'>Hermes</span> <span class='ocrx_word' id='word_1_220' title='bbox 273 3329 344 3398; x_wconf 85' lang='lat' dir='ltr'><strong><em>Xp.</em></strong></span> <span class='ocrx_word' id='word_1_221' title='bbox 363 3334 417 3382; x_wconf 89' lang='lat'><strong><em>410</em></strong></span> <span class='ocrx_word' id='word_1_222' title='bbox 490 3333 523 3382; x_wconf 79' lang='lat'><strong><em>12</em></strong></span> <span class='ocrx_word' id='word_1_223' title='bbox 543 3332 706 3382; x_wconf 85' lang='grc' dir='ltr'><strong><em>τελευταῖον</em></strong></span> <span class='ocrx_word' id='word_1_224' title='bbox 724 3330 747 3382; x_wconf 95' lang='grc' dir='ltr'>Β</span> <span class='ocrx_word' id='word_1_225' title='bbox 763 3333 792 3383; x_wconf 77' lang='lat' dir='ltr'><strong><em>et</em></strong></span> <span class='ocrx_word' id='word_1_226' title='bbox 807 3330 929 3402; x_wconf 80' lang='lat' dir='ltr'>Sylburg</span> <span class='ocrx_word' id='word_1_227' title='bbox 946 3316 1141 3388; x_wconf 68' lang='grc' dir='ltr'><strong><em>τελευταίονθ</em></strong></span> 
     </span>
    </p>
   </div>
   <div class='ocr_carea' id='block_1_5' title="bbox 140 3393 1141 3524">
    <p class='ocr_par' dir='ltr' id='par_1_5' title="bbox 140 3393 1141 3524">
     <span class='ocr_line' id='line_1_31' title="bbox 140 3393 1141 3518; baseline 0.011 -69"><span class='ocrx_word' id='word_1_228' title='bbox 140 3399 384 3518; x_wconf 50' lang='grc' dir='ltr'><strong><em>ὲόίττρφτὲίανΒ</em></strong></span> <span class='ocrx_word' id='word_1_229' title='bbox 412 3393 546 3465; x_wconf 83' lang='grc' dir='ltr'><strong><em>στρατιάν</em></strong></span> <span class='ocrx_word' id='word_1_230' title='bbox 564 3400 590 3452; x_wconf 85' lang='lat' dir='ltr'>R</span> <span class='ocrx_word' id='word_1_231' title='bbox 666 3405 699 3452; x_wconf 80' lang='lat'><strong><em>21</em></strong></span> <span class='ocrx_word' id='word_1_232' title='bbox 724 3395 888 3469; x_wconf 84' lang='grc' dir='ltr'><strong><em>ἡγορίανΑ</em></strong></span> <span class='ocrx_word' id='word_1_233' title='bbox 966 3409 1000 3457; x_wconf 79' lang='lat'><strong><em>26</em></strong></span> <span class='ocrx_word' id='word_1_234' title='bbox 1023 3401 1124 3469; x_wconf 76' lang='grc' dir='ltr'><strong><em>περὶ</em></strong></span> <span class='ocrx_word' id='word_1_235' title='bbox 1098 3419 1141 3468; x_wconf 78' lang='grc' dir='ltr'><strong><em>της</em></strong></span> 
     </span>
     <span class='ocr_line' id='line_1_32' title="bbox 165 3482 319 3524; baseline 0.019 -8"><span class='ocrx_word' id='word_1_236' title='bbox 165 3483 225 3524; x_wconf 86' lang='grc' dir='ltr'><strong><em>εας</em></strong></span> <span class='ocrx_word' id='word_1_237' title='bbox 302 3482 319 3519; x_wconf 80' lang='grc' dir='ltr'><strong><em>ο</em></strong></span> 
     </span>
    </p>
   </div>
   <div class='ocr_carea' id='block_1_6' title="bbox 0 0 1208 3928">
    <p class='ocr_par' dir='ltr' id='par_1_6' title="bbox 0 0 1208 3928">
     <span class='ocr_line' id='line_1_33' title="bbox 0 0 1208 3928; baseline 0 0"><span class='ocrx_word' id='word_1_238' title='bbox 0 0 1208 3928; x_wconf 95' lang='lat' dir='ltr'><strong><em> </em></strong></span> 
     </span>
    </p>
   </div>
  </div>
 </body>
</html>
