2396 3918
467 219 631 274 ..3.-

52 378 98 444 καλ
110 377 266 466 ψήφισμα
279 384 415 467 βουλῆς.
439 379 547 461 οὕτως
565 377 714 468 εὐλαβῶς
732 379 753 469 ἡ
772 381 869 464 πόλις
888 389 954 471 ἔχει
972 382 1056 472 πρὸς

52 482 85 551 ιδ
105 482 164 554 οὐκ
187 485 349 575 ἐπιχώρια
373 492 437 574 ἔθη
460 488 536 577 περὶ
559 492 655 557 θεῶν
676 489 733 558 καὶ
754 489 863 558 πάντα
887 486 1055 560 ὀττεύεται

52 595 162 680 τῦφον,
185 584 212 686 ᾧ
237 593 282 682 μὴ
305 593 459 690 πρόςεστι
481 594 519 664 τὸ
544 592 711 683 εὐπρεπές.

127 701 196 768 XX.
229 702 298 770 Καὶ
330 703 447 789 μηδεὶς
477 699 630 790 ὑπολάβῃ
663 729 703 790 με
735 700 874 788 ἀγνοεῖν
904 701 955 772 ὅτι
985 707 1054 774 τῶν
1125 713 1127 722 ’

49 803 240 893 Ἑλληνικῶν
273 808 398 896 μύθων
433 814 503 878 είσί
534 835 624 890 τινες
657 807 854 895 άνθρῶποις
885 809 1081 899 χρήσιμοι,ι

53 915 80 980 οί
97 912 155 1001 μὲν
177 913 449 1002 ἐπιδεικνύμενοι
472 912 513 984 τά
540 919 598 1003 τῆς
621 915 754 1002 φύσεως
778 921 857 1003 ἔργα
883 915 928 984 δι’
953 915 1053 1005 άλλη-

52 1026 168 1108 γορίας,
206 1023 244 1090 οί
277 1021 315 1090 δὲ
347 1027 565 1111 παραμυθίας
602 1025 699 1091 ἕνεκα
735 1028 948 1111 συγκείμενοι
983 1026 1053 1093 τῶν

53 1125 263 1212 ἀνθρωπείων
294 1134 498 1217 συμφορῶν,
527 1133 563 1198 οί
583 1129 621 1198 δὲ
648 1129 792 1220 ταραχάς
820 1130 1053 1218 ἐξαιρούμενοι

20 1238 150 1322 ιιιγυχῆς
166 1237 223 1304 καὶ
243 1240 382 1324 δείματα
400 1238 456 1306 καὶ
476 1235 577 1318 δόξας
595 1240 841 1327 καθαιροῦντες
857 1236 919 1326 οὐχ
936 1236 1053 1325 ὑγιείς,

52 1343 79 1408 οί
106 1338 134 1409 δ’
163 1340 268 1431 άλλης
303 1341 397 1424 τινὸς
434 1345 531 1412 ἕνεκα
567 1345 844 1430 συμπλασθέντες
883 1342 1052 1432 ὠφελείας.
1067 1377 1093 1417 ιο

50 1445 123 1516 ἀλλὰ
142 1454 261 1538 καίπερ
284 1448 506 1537 ἐπιστάμενος
527 1453 632 1518 ταῦτα
659 1447 802 1530 ούδενδς
824 1463 938 1540 χείρον
962 1448 1053 1538 ὅμως
1071 1459 1092 1524 2

50 1553 185 1642 εὐλαβῶς
217 1557 387 1644 διάκειμαι
423 1554 508 1645 πρὸς
544 1553 667 1636 αὐτοὺς
697 1557 753 1624 καὶ
789 1554 852 1643 τὴν
878 1553 1050 1645 Ῥωμαίων

49 1667 163 1748 μᾶλλον
193 1661 402 1751 ἀποδέχομαι
424 1669 624 1750 θεολογίαν,
654 1663 910 1751 ἐνθυμούμενος
936 1661 988 1732 ότι
1011 1662 1051 1732 τὰ

48 1769 100 1854 μὲν
122 1772 156 1838 ἐκ
177 1774 247 1840 τῶν
265 1768 475 1858 Ἑλληνικῶν
502 1769 626 1858 μύθων
653 1768 767 1858 άγαθδι
795 1770 897 1858 μικρά
923 1797 959 1839 τε
982 1771 1051 1840 ἐστὶ

48 1877 93 1943 καὶ
115 1875 154 1944 ού
175 1875 324 1957 πολλοὺς
347 1876 521 1965 δυνάμενα
540 1874 695 1964 ῶφελείν,
713 1874 799 1945 ἀλλὰ
821 1876 950 1964 μόνους
971 1875 1051 1957 τοὺς
1066 1900 1091 1942 ιε

49 1983 231 2069 ἐξητακότας
249 1974 298 2052 ῶν
319 1985 416 2052 ἕνεκα
434 1988 573 2069 γίνεται,
592 1981 729 2050 σπάνιοι
753 1979 785 2049 δ’
811 1983 898 2052 είσὶν
922 1986 958 2051 οί
977 2008 1051 2070 μετ-

49 2089 207 2178 ειληφότες
241 2090 365 2178 ταύτης
397 2094 457 2176 τῆς
488 2094 700 2177 φιλοσοφίας.
747 2087 765 2159 ὁ
796 2089 833 2158 δὲ
860 2087 965 2168 πολύς
993 2090 1050 2157 καί

48 2192 287 2284 ἀφιλοσόφητος
319 2195 419 2283 ὄχλος
451 2193 505 2264 ἐπὶ
538 2194 579 2295 τά
611 2202 710 2284 χείρω
741 2194 927 2283 λαμβάνειν
958 2203 1053 2282 φιλεῖ

48 2301 112 2383 τοὺς
137 2304 213 2391 περὶ
242 2301 356 2372 αὐτῶν
383 2301 507 2389 λόγους
534 2303 590 2370 καί
620 2305 716 2371 δνείυ
743 2302 860 2388 πάσχει
890 2301 1049 2390 θάτερον,

49 2403 286 2498 ἢκαταφρονεί
310 2414 379 2478 τῶν
407 2413 501 2477 θεῶν
530 2406 575 2488 ῶς
602 2410 639 2478 ἐν
668 2413 774 2498 πολλῇ
804 2412 1049 2499 κακοδαιμονίᾳ
1063 2431 1090 2472 εο

49 2519 323 2604 κυλινδουμένων,
342 2513 362 2604 ἢ
382 2520 450 2585 τῶν
471 2520 651 2605 αἰσχίστων
673 2542 709 2584 τε
731 2516 787 2583 καλ
809 2514 1049 2602 παρανομωτά-

49 2647 102 2690 των
125 2621 267 2704 ούδενὸς
290 2623 445 2711 άπίχεται
468 2632 563 2703 θεοίς
593 2621 678 2692 αὐτὰ
700 2627 924 2710 προσκείμενα
948 2620 1049 2710 όρῶν.

10 2775 11 2778 =
122 2733 207 2798 XXI.
242 2729 331 2798 Ἀλλ’
356 2726 440 2816 ὑπὲρ
473 2729 535 2818 μὲν
567 2729 696 2797 τούτων
728 2741 798 2808 τοῖς
828 2727 909 2797 αὐτὸ
940 2728 1048 2816 μόνον

10 2831 82 2902 ιιιτδ
101 2836 308 2927 θεωρητικὸν
331 2840 390 2923 τῆς
413 2841 617 2924 φιλοσοφίας
640 2836 740 2923 μέρος
767 2832 1049 2922 ἀποτετμημένοις

52 2938 186 3027 ἀφείσθω
215 2957 370 3028 σκοπεῖν,
398 2946 456 3030 τῆς
485 2938 516 3009 δ’
541 2938 606 3009 ὑπὸ
631 2938 804 3026 Ῥωμύλου
830 2947 1048 3011 κατασταθεί-
1062 2962 1088 3004 2⁵

53 3066 99 3133 6ης
118 3055 285 3128 πολιτείας
301 3049 357 3116 καλ
375 3047 456 3116 τάδε
474 3044 652 3134 ἡγησάμην
671 3049 820 3135 ίστορίας
838 3045 924 3130 ἄξια.
959 3052 1048 3136 πρῶ-

1154 1725 1162 1760 λ

110 3289 122 3336 1
144 3276 161 3352 ἣ
182 3278 321 3352 ψήφισμα
350 3297 373 3336 ο.
401 3277 542 3347 Kiessling
627 3285 644 3331 ὁ
669 3296 743 3339 τινες
772 3271 804 3331 ἐν
831 3272 997 3347 ἀνθρώποις
1024 3279 1047 3332 Β

55 3352 257 3423 θκαδαίροντες
276 3353 302 3406 A
389 3355 422 3404 15
446 3345 517 3403 ἄλλά
541 3347 686 3419 μᾶλλονΒ
772 3353 807 3401 20
829 3355 1011 3417 καταφρονεῖ
1023 3349 1047 3403 Β

55 3431 223 3546 ηαταχρονεῖν
237 3425 263 3478 R
318 3428 351 3477 21
367 3419 541 3492 κνλιομίνιον
560 3435 584 3474 ο.
599 3419 688 3475 Cobet
702 3418 767 3474 Obs.
781 3436 809 3488 p.
825 3423 859 3473 45
913 3424 949 3473 24
963 3419 1047 3490 μέρος

69 3506 97 3545 m¹
946 3527 947 3530 ,
