2404 3918
126 173 192 238 312
369 227 372 232 .
552 173 720 224 -Γ-

127 336 339 421 δημηγορίαν
361 329 440 412 τοὺς
468 330 597 418 νόμους
622 328 847 418 παρεχόμενοι
873 327 954 408 τούς
983 325 1045 396 ούκ
1070 329 1144 395 ἐόν·

126 467 184 519 τας
217 437 356 527 ἀκριτον
389 436 600 508 ἀποκτείνειν
635 435 765 506 ούδένα
796 436 853 504 καὶ
884 433 925 504 τό
956 432 1048 524 παρὰ
1081 439 1143 502 τῶν

126 550 220 615 θεῶν
244 544 403 614 ἁπάντων
426 551 596 634 μηνίματα
617 559 691 624 ταῖς
721 541 766 632 μὴ
789 542 1009 626 κολαζούσαις
1029 541 1143 612 πόλεσι

87 651 206 734 4τούς
230 655 360 739 ἐναγεῖς
383 652 572 735 διεξιόντες.
619 649 636 720 ὁ
663 651 700 720 δὲ
722 649 831 739 πατὴρ
855 650 1052 737 ἀπελογεῖτο
1077 650 1143 736 περὶ

100 764 190 830 5τοῦ
214 765 390 848 μειρακίου
412 763 611 847 κατηγορῶν
634 763 693 846 τῆς
711 756 884 845 θυγατρὸς
906 760 963 827 καί
983 761 1143 846 τιμωρίαν

129 865 171 936 ού
196 866 307 954 φόνον
331 865 419 934 εῖναι
441 865 479 935 τὸ
498 865 652 954 πραχθὲν
675 867 784 951 λέγων
805 865 968 953 δικαστήν
985 891 1020 933 τε
1045 862 1144 932 αὑτὸν

129 972 233 1055 ἀξιῶν
261 971 348 1041 εἶναι
376 976 445 1041 τῶν
474 975 573 1040 ίδίων
600 976 712 1040 κακῶν
736 970 939 1061 ἀμφοτέρων
962 971 1144 1058 γενόμενον

128 1082 263 1166 πατέρα.
313 1083 450 1166 συχνόν
483 1079 521 1148 δέ
548 1078 662 1166 λόγων
690 1079 869 1167 ῥηθέντων
897 1077 958 1167 ὑφ’
985 1081 1143 1164 ἑκατέρων

129 1184 236 1273 πολλὴ
264 1183 324 1255 τόν
352 1188 492 1272 βασιλέα
521 1199 672 1273 κατεῖχεν
700 1183 884 1274 ἀμηχανία,
911 1192 949 1256 τί
967 1188 1064 1265 τέλος
1087 1186 1143 1264 ἐξε·

130 1295 232 1381 νέγκη
261 1293 338 1381 περί
364 1295 423 1378 τῆς
451 1295 554 1378 δίκης.
606 1291 684 1362 ούτε
710 1292 775 1379 γὰρ
804 1291 972 1362 ἀπολῦσαι
999 1297 1063 1362 τοῦ
1090 1290 1143 1378 φό-

130 1425 196 1467 νον
222 1397 283 1466 τόν
311 1396 546 1484 ὁμολογοῦντα
577 1397 640 1486 τὴν
670 1397 823 1487 ἀδελφὴν
851 1395 1059 1488 ἀνῃρηκέναι
1086 1395 1141 1482 πρὸ

132 1509 227 1591 δίκης
253 1505 310 1573 καὶ
336 1509 442 1574 ταῦτα
469 1503 524 1594 ἐφ’
551 1500 602 1585 οἷς
632 1503 673 1574 ού
697 1505 917 1593 συνεχώρουν
940 1504 1142 1575 ἀποκτείνειν

133 1611 168 1679 οί
197 1610 299 1698 νόμοι
340 1616 451 1691 καλῶς
492 1617 581 1698 ἔχειν
623 1610 879 1700 ὑπελάμβανεν,
916 1617 975 1683 ἵνα
1008 1612 1053 1701 μὴ
1089 1610 1177 1698 τὴνίλλ

133 1717 221 1808 ἀρὰν
243 1716 360 1787 καὶτὸ
384 1718 467 1806 ἀγος
493 1716 560 1787 ἀπὸ
588 1723 650 1788 τοῦ
674 1720 878 1808 δεδρακότος
906 1725 954 1801 είς
975 1719 1037 1789 τόν
1061 1723 1144 1788 ι’διον

93 1847 118 1886 1⁵
135 1823 230 1894 οἶκον
267 1827 509 1913 εἰσενέγκηται,
547 1824 624 1895 ούτε
662 1824 707 1906 ὡς
743 1825 965 1916 ἀνδροφόνον
985 1823 1144 1895 ,ἀποκτεί

90 1259 111 1325 5

91 1349 116 1388 10

47 1935 48 1938 '
132 1960 191 2002 ναι
222 1931 283 2002 τὸν
314 1930 399 2020 ὑπὲρ
431 1938 490 2021 τῆς
521 1937 683 2023 πατρίδος
715 1932 879 2020 ἑλόμενον
907 1935 1145 2021 προκινδυνεῦ-

134 2061 190 2109 σαι
220 2040 276 2108 καί
302 2038 467 2126 τοσαύτης
493 2037 577 2128 αὐτῇ
606 2043 806 2119 δυναστείας
831 2039 1019 2128 γενόμενον
1042 2047 1145 2107 αίτιον

134 2147 246 2227 ἄλλως
273 2172 308 2215 τε
333 2147 390 2217 καλ
417 2150 478 2216 τού
506 2144 631 2234 πατρὸς
658 2143 868 2226 ἀπολύοντος
893 2143 998 2215 αύτδν
1021 2149 1078 2232 τῆς
1100 2149 1144 2211 αί-

133 2260 220 2341 τίας,
249 2245 276 2346 ᾧ
304 2252 366 2340 τὴν
398 2253 474 2338 περὶ
505 2256 564 2339 τῆς
595 2250 768 2340 θυγατρὸς
801 2251 907 2340 ὀργὴν
934 2250 958 2339 ἥ
984 2279 1020 2321 τε
1051 2251 1145 2340 φύσις

92 2343 299 2470 26ἀπεδίδον
329 2358 449 2450 πρύτςο
481 2359 537 2426 καὶ
571 2355 588 2426 ὁ
621 2358 735 2446 νόμος.
791 2357 1025 2446 ἀπορούμενος
1056 2358 1092 2426 δὲ
1117 2361 1148 2424 τί

106 2433 291 2559 οχρήσεται
327 2481 399 2547 τοῖς
433 2465 605 2556 πράγμασι
640 2469 806 2534 τελευτῶν
846 2463 1027 2552 κράτιστον
1064 2461 1144 2533 εἶναι

136 2579 258 2664 διέγνω
281 2578 326 2666 τῷ
352 2573 447 2666 δήμῳ
469 2570 532 2660 τὴν
560 2571 748 2660 διάγνωσιν
776 2573 972 2660 ἐπιτρέπειν.
1018 2571 1145 2659 γενόμε·

135 2687 195 2763 νος
214 2683 252 2751 δὲ
269 2680 517 2770 θανατηφόρου
536 2684 677 2768 κρίσεως
693 2679 769 2748 τότε
787 2683 924 2769 πρῶτον
947 2677 965 2748 ὁ
980 2677 1144 2766 Ῥωμαίων

136 2794 243 2878 δῆμος
274 2786 391 2877 κύριος
421 2791 463 2876 τῇ
490 2786 608 2876 γνώμη
635 2790 698 2856 τού
729 2787 855 2870 πατρὸς
885 2788 1073 2873 προσέθετο
1095 2783 1143 2851 καί

95 2919 123 2962 ει
137 2895 278 2966 ἀπολύει
300 2898 361 2965 τού
380 2895 493 2982 φόνου
514 2897 577 2964 τόν
600 2893 724 2982 ἀνδρα·
748 2891 789 2961 ού
808 2894 876 2980 μὴν
900 2890 976 2979 ὅγε
999 2892 1144 2979 βασιλεὺς

137 3003 289 3092 ἀποχρῆν
313 3007 404 3088 ἔλεγε
431 3005 502 3080 τοῖς
529 3001 751 3087 βουλομένοις
776 3001 819 3067 τὰ
840 3018 926 3087 προς
948 3001 1030 3079 τοὺς
1051 2998 1142 3074 θεοὺς

209 3244 227 3290 4
251 3231 412 3301 ἔπελογεῑτο
435 3231 481 3284 Ba
562 3235 595 3283 12
620 3225 654 3284 ού
680 3247 733 3284 om.
758 3232 783 3284 A
865 3235 899 3284 14
922 3224 981 3284 ἀπὸ
1007 3231 1030 3284 Β
1053 3227 1138 3285 om.R

141 3311 173 3359 15
195 3305 396 3372 είςενεγκεῖται
414 3301 460 3354 Ba,
522 3304 555 3353 1⁷
574 3295 647 3369 αύτῇ
666 3301 689 3354 Β
708 3294 786 3372 αύτῷ
805 3300 831 3354 R
888 3306 922 3355 21
942 3295 1139 3424 χρήσῗ>ταιΒ

140 3380 174 3427 22
195 3373 297 3442 διέγνω
312 3367 462 3439 κράτιστον
477 3364 551 3422 εἶναι
564 3369 587 3422 Β
608 3367 679 3437 ἔγνω
694 3387 717 3424 ο.
732 3371 883 3439 Kiessling,
897 3369 988 3426 Cobet
1003 3371 1025 3428 Ο
1046 3389 1067 3426 ε.
1079 3389 1104 3440 p.
1112 3372 1138 3421 65

141 3450 176 3497 26
196 3439 357 3512 ἀποχρῆναι
374 3443 400 3494 A
415 3442 420 3508 1
437 3437 513 3506 έλεχε
533 3438 580 3492 Bb
600 3436 681 3511 ἔλαβε
701 3440 746 3494 Ba
763 3435 890 3510 ἀπέλαβε
909 3439 935 3493 Α
