2404 3918
462 242 628 294 ,1⁷-

42 421 106 483 μεν.
140 397 197 466 καλ
216 397 277 467 έδν
295 397 377 486 ἡμῖν
394 396 478 469 κατὰ
496 402 582 468 νοῦν
601 399 737 489 χωρήσῃ
755 400 794 472 τὸ
814 405 925 490 ἔργον,
940 400 1052 492 ὥσπερ
1064 407 1106 472 13

41 505 74 572 τὸ
100 502 188 584 είκὸς
215 509 297 593 ἔχει,
322 509 509 594 Φιδηναῖοί
534 532 571 576 τε
601 508 658 577 καὶ
687 506 889 578 Οὐιεντανοὶ
915 515 1052 598 βαρείας

41 609 283 694 ἀπαλλάξαντες
303 611 390 702 ήμάς
412 611 582 702 ὑποταγῆς
605 612 650 695 ὡς
672 612 732 704 ὑφ’
754 614 850 704 ήμῶν
871 621 972 686 τοῦτο
995 640 1051 685 πε·

39 717 198 798 πονθότες
222 717 321 789 αὐτοὶ
337 719 437 810 χάριν
455 718 537 809 ήμλν
555 730 712 792 είσονται.
752 726 858 792 ταῦτα
876 723 938 811 μέν
957 726 1049 793 ἐστιν

40 821 136 892 δδιδι
158 830 287 914 πολλῆς
313 831 497 915 φροντίδος
528 832 850 918 παρασκευασθέντα
878 829 977 900 ίκανδι
1004 831 1076 901 εί-ε

41 957 89 998 ναι
111 935 208 1002 δοκεῖ
228 960 286 1021 μοι
307 933 440 1024 θάρσος
460 961 496 1005 ιε
522 937 579 1004 καὶ
605 939 803 1025 προθυμίαν
825 939 884 1024 τῆς
905 934 1049 1008 άποστά-

42 1057 114 1118 σεος
129 1037 216 1128 ὑμῖν
229 1055 424 1131 παρασχείν.
452 1039 494 1113 δν
510 1043 548 1113 δὲ
565 1043 693 1129 τρόπον
708 1045 886 1131 ἐπιχειρεῖν
899 1049 945 1138 τῷ
961 1050 1047 1137 ἔργῳ
1059 1047 1104 1112 14

43 1145 271 1235 βεβούλευμαι,
299 1146 391 1216 τοῦτ’
417 1145 585 1219 ἀκούσατέ
609 1172 689 1237 μου·
721 1147 826 1232 τάξιν
843 1150 907 1238 μὲν
928 1149 1049 1221 ἀποδέ-

47 1255 119 1322 δωκέ
138 1281 197 1342 μοι
220 1253 352 1335 Τύλλος
371 1254 436 1343 τήν
453 1252 519 1324 ὑπὸ
538 1260 584 1349 τῷ
608 1253 681 1346 όρει
702 1257 759 1325 καὶ
780 1256 908 1326 κελεύει
927 1283 967 1345 με
984 1267 1048 1327 θα-

49 1361 128 1447 τέρου
148 1365 221 1432 τῶν
244 1361 395 1452 κεράτων
420 1360 548 1451 ἄρχειν,
571 1361 654 1434 ὅταν
682 1364 721 1433 δὲ
748 1366 920 1453 μέλλωμεν
944 1363 1048 1453 ὁμόσε
1063 1393 1090 1434 10

11 1509 13 1518 ι
45 1479 102 1546 τοῖς
120 1473 296 1557 πολεμίοις
318 1484 452 1559 χωρεῖν,
471 1469 561 1560 άρξα
580 1470 642 1558 μέν
666 1470 730 1558 έγεδ
748 1471 853 1552 λόσας
872 1469 936 1559 τήν
953 1471 1048 1556 τάξιν

44 1573 87 1640 έπλ
105 1573 141 1644 τὸ
165 1575 249 1664 ὄρος
271 1575 379 1663 άγειν,
403 1575 650 1665 ἀκολουθήσετε
674 1580 791 1666 δόμοι
814 1575 911 1665 ὑμεῖς
933 1597 1049 1648 σνντε-

42 1683 216 1768 ταγμένους
248 1682 387 1770 ἄγοντες
417 1685 498 1764 τοὺς
528 1684 657 1773 λόχους.
712 1683 885 1772 ἁψάμενος
915 1684 953 1753 δέ
979 1689 1048 1754 τῶν

43 1783 141 1877 άκρων
168 1792 227 1861 καὶ
255 1794 293 1860 ἐν
320 1797 366 1884 τῷ
394 1790 542 1879 άσφαλετ
567 1791 752 1880 γενόμενος
778 1797 855 1861 τίνα
881 1791 1048 1880 χρήσομαι

13 1895 159 1981 λιειρόπον
188 1913 260 1980 τοῖς
291 1897 372 1988 μετὰ
408 1903 512 1968 ταῦτα
543 1898 737 1989 πράγμασιν
770 1897 938 1969 άκοάσατέ
967 1920 1047 1986 μου·
1061 1925 1088 1965 ιτ

45 1999 92 2069 ε’ἆυ
112 2003 174 2092 μὲν
199 2002 268 2093 ὁρῶ
291 2003 375 2075 κατὰ
397 2005 537 2095 γνάμην
565 2002 587 2074 ά
618 2010 849 2092 διαλογίζομαι
871 2004 1048 2095 χωροῦντά
1061 2004 1102 2072 15

44 2134 90 2193 μοι
113 2112 169 2181 καὶ
195 2122 338 2202 βρασετς
366 2111 428 2200 μέν
455 2112 637 2199 γεγονότας
664 2110 743 2192 τοὺς
774 2117 969 2199 πολεμίους,
1002 2109 1049 2192 ὥς

44 2211 124 2302 ἡμῶν
144 2217 262 2300 αὐτοῖς
284 2219 604 2307 συλλαμβανόντων,
627 2216 804 2299 ταπεινοὺς
827 2217 864 2286 δέ
882 2218 938 2286 καὶ
956 2241 1047 2307 περι-

45 2321 160 2410 φόβους
178 2322 376 2414 Ῥωμαίους,
400 2323 445 2406 ὡς
466 2327 740 2416 προδεδομένους
767 2322 828 2414 ὑφ’
853 2322 960 2412 ἡμῶν,
985 2352 1047 2413 φυ-

43 2433 92 2516 λῆς
116 2457 150 2503 τε
180 2437 310 2522 μᾶλλον
336 2428 358 2520 ή
385 2429 488 2520 άλκής
514 2434 805 2522 προνοουμένους,
835 2431 917 2521 ὅπερ
948 2431 1047 2518 είκός,
1061 2457 1088 2498 ιο

45 2536 236 2628 ἐπιθήσομαι
258 2538 373 2620 αὐτοῖς
395 2541 450 2608 καλ
478 2539 601 2629 μεστὸν
623 2539 754 2628 ποιήσω
776 2542 907 2628 νεκρῶν
929 2538 968 2609 τὸ
991 2563 1046 2608 πε-

45 2645 108 2714 δίον
138 2649 173 2730 ἐξ
204 2647 404 2735 ὑπερδεξίου
435 2673 471 2716 τε
502 2645 627 2717 κατιὼν
659 2648 713 2716 ἐπὶ
738 2647 777 2716 τὸ
811 2645 935 2735 πρανὲς
960 2656 1046 2736 θαρ-

45 2751 137 2844 ροάση
159 2778 196 2823 τε
213 2755 270 2823 καί
290 2755 537 2844 συντεταγμένῃ
558 2753 700 2842 δυνάμει
719 2752 804 2842 πρὸς
821 2755 1048 2841 ἐπτοημένους

44 2853 235 2950 ἀνθρώπους
266 2860 543 2950 προσφερόμενος
573 2860 629 2929 καί
661 2858 842 2949 σποράδας.
888 2859 983 2948 δεινή
1012 2859 1044 2929 δ’
1059 2857 1099 2922 16

45 2964 74 3030 ἓν
93 2982 160 3049 τοϊς
182 2969 340 3056 πολέμοις
362 2968 418 3036 καὶ
444 2964 466 3054 ή
491 2965 548 3036 διὰ
569 2970 669 3056 κενῆς
692 2969 899 3055 ἐμπίπτουσα
921 2972 1045 3057 προδο-
1060 2989 1086 3030 ²⁵

46 3077 106 3155 σίας
133 3073 319 3164 συμμάχων
347 3069 367 3161 ἢ
395 3078 565 3163 πολεμίων
592 3073 705 3144 άλλων
738 3072 867 3192 ἐφόδου
897 3072 1045 3161 δόκησις,

104 3301 209 3363 λκάνῗ
274 3307 347 3378 ’ίτφ
368 3303 440 3394 ἔργα
458 3303 528 3362 B
500 3327 531 3362 τα
552 3303 675 3377 ἕργονΒ
710 3300 942 3392 8βεβσόλημαι
960 3301 1044 3360 ταυτ’

48 3371 142 3436 θεοεε
160 3377 304 3450 Kiessling
368 3384 402 3434 10
420 3361 465 3434 στ’
486 3371 563 3434 ανΒ
634 3383 668 3432 14
685 3378 723 3453 τῷ
743 3375 912 3447 Kwsslingio
931 3378 1046 3433 auctore

47 3442 99 3504 fort
124 3450 274 3506 delendum
302 3452 346 3506 εείι
426 3456 460 3506 25
486 3451 622 3518 διακενης
645 3448 689 3520 O!
706 3433 862 3520 προδοσίας
886 3448 1045 3518 Stephanus

49 3521 186 3587 ιηοδοοία.
206 3523 229 3577 Β
248 3524 387 3592 προδοσία
405 3523 431 3576 R
