2404 3918
477 239 511 250 -
550 213 643 264 Γ-
1002 207 1065 273 381

44 373 142 438 νοῦν
178 371 306 438 θᾶττον
347 370 565 457 ἐπιφανείσης
599 374 660 458 τῆς
691 367 864 458 Ῥωμαίων
902 371 1069 457 στρατιᾶς,

47 474 131 544 οὐδ’
167 477 333 562 ἐξεγένετο
367 473 448 565 παρ’
484 473 644 564 οὐδεμιᾶς
678 480 748 546 τῶν
783 476 916 547 πόλεων
947 475 1068 563 κοινὴν

45 581 284 671 ἀποσταλῆναι
315 597 386 664 τοῖς
421 591 612 672 Τυρρηνοῖς
647 590 854 673 συμμαχίαν,
885 581 960 653 ἀλλ’
995 585 1068 653 ἐδε-

46 696 176 760 λονταί
198 717 288 771 τινες
315 690 546 780 ἐπεκούρησαν
573 689 689 772 αὐτοῖς
715 690 825 779 όλίγοι
853 701 992 780 μισδοτς
1014 716 1068 779 με·

47 797 171 884 γάλοις
202 796 419 886 ὑπαχθέντες.
465 801 501 868 ἐκ
532 798 656 886 ταύτης
685 803 744 886 τῆς
776 800 882 888 μάχης
914 803 1070 888 μεγίστης

48 908 122 973 τῶν
144 906 319 993 προτέρων
339 908 537 993 γενομένης,
561 902 644 985 όσας
661 905 744 993 πρὸς
767 904 934 993 ἀλλήλους
956 907 1069 974 ἐπολί-

6 1025 187 1098 ιθσμησαν,
209 1009 252 1080 τὰ
273 1013 335 1098 μὲν
353 1008 527 1098 Ῥωμαίων
554 1011 731 1098 πράγματα
758 1011 959 1100 θαυμαστὴν
983 1009 1069 1098 ὅσην

51 1121 208 1188 ἐπίδοσιν
236 1123 333 1204 ἔλαβε
365 1123 465 1206 νίκην
493 1119 761 1206 ἐξενεγκαμένων
788 1123 986 1207 καλλίστην,
1013 1118 1069 1185 καλ

54 1231 187 1312 βασιλεῖ
216 1232 393 1318 Ταρκυνίῳ
425 1223 488 1313 τὴν
516 1224 770 1314 τροπαιοφόρον
802 1222 939 1313 πομπὴν
970 1222 1069 1292 κατό-

57 1330 173 1419 γεινῆ
194 1358 230 1401 τε
257 1329 365 1418 βουλὴ
392 1333 449 1400 καί
472 1328 491 1401 ό
520 1335 627 1419 δῆμος
649 1335 852 1420 ἐψηφίσατο,
874 1330 916 1401 τδι
940 1330 978 1399 δέ
999 1335 1068 1399 τῶν
1084 1346 1110 1386 10

60 1443 245 1528 Τυρρηνῶν
277 1443 371 1508 ἔπεσι
404 1438 605 1527 φρονήματα
640 1438 749 1520 πόσας
784 1439 846 1527 μὲν
883 1440 1069 1521 ἐξαποστει-

52 1544 188 1614 λάντων
212 1548 260 1625 είς
286 1542 347 1613 τὸν
371 1542 488 1632 ἀγῶνα
515 1544 576 1627 τὰς
598 1548 631 1628 ἐξ
654 1545 794 1633 ἐκάστης
815 1546 944 1626 πόλεως
967 1544 1070 1614 δυνό-

51 1678 142 1740 μεις,
167 1648 304 1740 ὀλίγους
331 1654 372 1721 δέ
395 1679 490 1732 τινας
517 1655 556 1721 ἐκ
577 1657 713 1723 πολλῶν
736 1653 817 1735 τοὺς
840 1655 1071 1734 διασωθέντας

50 1757 325 1846 ὑποδεξαμένων.
371 1761 407 1828 οί
426 1758 490 1846 μὲν
512 1757 578 1847 γὰρ
601 1763 640 1829 ἐν
661 1765 702 1850 τῇ
724 1760 906 1850 παρατάξει
927 1759 1070 1848 μαχόμε-

51 1893 112 1935 νοι
133 1865 376 1954 κατεκόπησαν,
401 1869 436 1934 οί
457 1863 488 1934 δ’
509 1867 547 1934 ἐν
570 1870 611 1956 τῇ
628 1870 735 1956 τροπῇ
754 1871 958 1955 δυσχωρίαις
975 1867 1071 1952 ἐγκυ-
1085 1877 1110 1920 1⁶

52 1973 219 2061 ρήσανττς
261 1969 437 2056 ἀνεξόδοις
479 1973 673 2061 παρέδοσαν
715 1986 786 2052 τολς
829 1971 1070 2062 κεκρατηκόσιν

53 2080 205 2160 ἑαυτούς.
253 2078 410 2166 τοιαύτης
437 2081 554 2167 μέντοι
586 2083 764 2167 συμφορᾶς
792 2081 1010 2168 πειραθέντες
1038 2081 1074 2146 οί
1085 2076 1107 2140 4

1084 770 1104 836 3

1083 857 1096 898 ό

54 2185 286 2256 δυνατῶτατοι
319 2190 389 2255 τῶν
422 2187 459 2255 ἐν
491 2199 564 2267 ταῖς
599 2184 755 2254 πόλεσιν
771 2190 872 2274 ἔργον
909 2187 1070 2272 ἐποίησαν

52 2292 251 2381 ἀνθρώπων
278 2297 467 2380 φρονίμων.
513 2292 630 2380 ἑτέραν
657 2289 721 2380 γὰρ
748 2289 909 2379 στρατιὰν
937 2290 986 2360 ἐπ’
1012 2288 1070 2359 αύ

52 2398 134 2480 τοὺς
161 2397 382 2486 ἐξαγαγόντος
417 2401 581 2485 βασιλέως
616 2402 807 2485 Ταρκυνίου
844 2401 1111 2486 συναγόέντεςιο

53 2511 104 2587 είς
126 2511 208 2594 μίαν
231 2502 361 2594 ἀγορὰν
378 2506 454 2594 περὶ
477 2505 689 2588 καταλύσεως
708 2509 770 2574 τοῦ
790 2506 940 2591 πολέμου
962 2508 1071 2574 διαλί-

52 2622 179 2702 γεσδαι
210 2608 295 2700 πρὸς
324 2609 430 2681 αὐτόν
464 2614 673 2700 ἐψηφίσαντο
704 2613 762 2680 καλ
792 2613 962 2699 πέμπουσι
992 2611 1072 2694 τούς

52 2718 307 2808 πρεσβυτάτους
328 2717 457 2808 ἀνδρας
478 2720 536 2788 καὶ
554 2718 773 2807 τιμιωτάτους
796 2721 830 2800 ἐξ
853 2718 991 2808 ἑκάστης
1011 2719 1071 2788 πό-

54 2836 142 2906 λεως
167 2821 416 2915 αὐτοκράτορας
441 2823 677 2909 ἀποδείξαντες
703 2828 772 2896 τῶν
799 2827 875 2912 περὶ
902 2829 961 2914 τῆς
984 2826 1071 2915 εἰρη-

53 2961 119 3022 νης
142 2929 342 3020 ὁμολογιῶν.
798 2991 801 2996 Α
1086 2951 1112 2994 2⁶

146 3041 213 3108 LX.
239 3036 276 3107 ‘0
304 3039 342 3108 δὲ
367 3037 524 3126 βασιλεὺς
550 3037 696 3121 ἀκούσας
723 3037 837 3109 αὐτῶν
867 3036 977 3108 πολλὰ
1000 3043 1072 3107 δια-

7 3148 253 3235 σιτλεχθέντων
281 3144 437 3234 ἐπαγωγὰ
464 3145 548 3236 πρὸς
580 3150 758 3216 ἐπιείκειαν
787 3147 843 3214 καὶ
874 3145 1072 3234 μετριότητα

130 3335 277 3397 λοόδέΒ
354 3338 527 3400 mmo
566 3316 568 3322 ¹
605 3337 807 3412 θάλλήλαςΒ
885 3347 918 3398 13
941 3362 1020 3405 τινας
1040 3339 1072 3398 ἐκ

4 3423 7 3430 “
57 3415 169 3469 πολλῶν
187 3408 254 3476 τοὺς
272 3413 468 3478 διασωθέντας
486 3416 509 3469 Β
528 3434 607 3477 τινας
625 3411 692 3478 τούς
710 3416 736 3470 δ.
752 3410 784 3470 ἐκ
803 3433 831 3469 π.
850 3415 876 3469 R
949 3419 983 3469 14
1001 3409 1073 3469 ἀπο-

58 3483 225 3556 δεξαμένων
239 3501 262 3539 c.
278 3485 399 3556 Sylburg
455 3492 488 3540 19
503 3481 638 3557 ττρατιάν
658 3480 705 3541 ἐπ’
721 3481 827 3549 αύτούς
843 3481 1033 3555 ἐξαγαγόντος
1048 3489 1073 3541 Α
