2404 3918
473 226 640 276 -r-
1000 223 1066 288 343

37 406 97 448 νοι
122 382 326 467 βιασθέντες
347 365 413 450 ὑπό
441 385 502 452 τοῦ
521 378 693 470 Ῥωμαίων
718 385 856 452 ἱππικοῦ
878 384 935 452 καὶ
957 384 1065 465 πολὺς

39 486 159 556 αὐτῶν
188 493 318 575 γίνεται
346 486 453 575 φόνος
486 490 523 557 ἐν
554 493 594 578 τῇ
622 493 730 579 φυγῇ,
753 486 910 577 Ῥωμαῖοι
943 489 981 558 δὲ
1011 519 1065 561 νε-

38 593 147 682 κρούς
180 620 216 663 τε
247 598 317 664 τῶν
348 601 519 682 πολεμίων
553 594 796 677 σκυλεύσαντες
826 598 882 666 καὶ
912 596 1066 685 χρήματα

41 698 106 768 ὅσα
131 692 177 788 ἦν
202 702 239 770 ἐν
261 704 310 794 τῷ
332 697 452 790 χάρακι
471 700 717 789 διαρπάσαντες
738 706 798 790 τῆς
820 729 855 772 τε
873 701 983 794 χώρας
1001 703 1064 793 τὴν

42 813 228 895 κρατίστην
257 793 520 896 λεηλατήσαντες
549 807 700 898 ἀπῄεσαν
729 807 781 878 ἐπ’
810 818 915 878 οίκον.
963 814 1092 882 τοῦτοι

43 913 78 983 τὸ
107 917 205 995 τέλος
234 919 353 1002 ἔλαβεν
382 912 399 984 ό
425 913 555 1004 συμβὰς
578 913 753 1004 Ῥωμαίοις
779 914 863 1003 πρὸς
890 923 1064 1005 Σαβίνους

45 1021 191 1110 πόλεμος
214 1021 267 1090 ἐπὶ
289 1025 349 1109 τῆς
375 1021 508 1091 Ἧόλλον
531 1020 642 1110 ἀρχῆς.

132 1130 305 1198 ΧΧΧΙΙΠ.
338 1131 386 1197 Ac
411 1128 450 1197 δὲ
477 1133 545 1198 τῶν
568 1134 726 1199 Λατίνων
756 1129 871 1212 πόλεις
888 1129 1065 1220 Ῥωμαίοις

51 1238 204 1322 ἐγένοντο
233 1234 394 1325 ὃιάφοροι
421 1236 496 1306 τότε
524 1240 673 1325 πρῶτον,
703 1235 764 1306 οὐκ
792 1236 946 1320 ἀξιοῦσαι
969 1265 1062 1308 κατε-

55 1345 239 1431 σκαμμένης
259 1346 320 1430 τῆς
339 1340 512 1431 Ἀλβανῶν
531 1341 659 1424 πόλεως
677 1353 748 1424 τοίς
770 1341 978 1434 ἀνῃρηκόσιν
1001 1344 1061 1414 αά-
1077 1371 1103 1412 ιο

11 1513 12 1516 ,
51 1448 108 1536 τὴν
126 1447 304 1538 Ῥωμαίοις
326 1447 388 1538 την
411 1449 595 1538 ἡγεμονίαν
618 1449 854 1540 παραδιδόναι.
896 1454 980 1521 ἐτῶν
998 1449 1063 1541 γάρ

50 1559 298 1645 διαγενομένων
325 1560 562 1626 πεντεκαίδεκα
589 1554 671 1644 μετὰ
697 1554 758 1626 τὸυ
786 1554 982 1646 ἀφανισμὸν
1004 1563 1064 1646 τῆς

40 1659 162 1749 Ἄλβας
187 1667 366 1751 πρεσβείας
398 1660 596 1743 ἀποστείλας
628 1659 646 1731 ὁ
674 1666 743 1732 τῶν
765 1660 940 1752 Ῥωμαίων
968 1670 1063 1751 βασι-

48 1767 123 1850 λεὺς
150 1774 198 1852 είς
224 1768 283 1850 τάς
310 1766 472 1850 ἀποίκους
498 1796 533 1838 τε
563 1771 620 1838 καὶ
647 1766 819 1858 ὑπηκόους
845 1769 949 1859 αὐτῆς
970 1771 1063 1860 τριά-

48 1902 150 1946 κοντα
179 1876 294 1957 πόλεις
330 1874 427 1964 ἠξίου
463 1881 646 1946 πείθεσθαι
681 1890 753 1957 τοῖς
787 1873 854 1946 ὑπὸ
888 1874 1061 1964 Ῥωμαίων
1077 1902 1103 1944 ιι

10 1985 334 2071 ιιιέπιταττομένοις,
367 1979 413 2063 ὡς
447 1982 705 2071 παρειληφότων
742 1979 855 2052 αὐτῶν
893 1982 961 2071 ἅμα
992 1999 1063 2065 τοῖς

50 2089 163 2172 ἀλλοις
181 2086 232 2172 οἷς
255 2089 348 2179 εἶχον
368 2087 523 2177 Ἀλβανοὶ
541 2091 598 2159 καὶ
619 2089 681 2179 τὴν
704 2088 890 2178 ἡγεμονίαν
912 2095 973 2160 τοῦ
992 2098 1061 2159 Λα-

50 2202 149 2266 τίνων
173 2203 310 2285 ἔθνους,
335 2196 399 2266 δύο
423 2196 485 2285 μὲν
509 2194 710 2283 ἀποφαίνων
733 2195 878 2285 τρόπους
900 2196 1062 2284 κτήσεων,

50 2303 125 2372 καθ’
152 2301 213 2386 οὓς
241 2302 421 2392 ἀυθρωποι
447 2310 601 2390 γίνονται
627 2307 696 2372 τῶν
724 2301 911 2393 ἀλλοτρίων
938 2303 1062 2394 κύριοι,

51 2412 107 2479 τόν
129 2439 164 2482 τε
187 2410 374 2499 ἀναγκαίου
392 2412 449 2480 καὶ
471 2409 532 2480 τὸν
556 2409 723 2497 ἑκούσιον,
742 2408 926 2499 Ῥωμαίους
949 2411 987 2480 δὲ
1010 2414 1061 2480 λε’·
1075 2434 1103 2475 εο

52 2543 117 2602 νων
148 2516 228 2587 καθ’
265 2517 423 2607 ἕκάτερον
459 2515 519 2587 τὸν
556 2517 683 2607 τρόπον
719 2518 964 2605 παρειληφέναι
998 2515 1061 2605 τὴν

53 2620 230 2712 ἡγεμονίαν
259 2615 309 2694 ὧν
337 2622 429 2713 είχον
454 2623 612 2712 Ἀλβανοὶ
638 2623 780 2694 πόλεων.
830 2630 999 2711 πολεμίων
1026 2623 1102 2694 τε2

54 2730 111 2820 γὰρ
134 2731 247 2802 αὐτῶν
272 2752 369 2821 σφισι
387 2732 582 2819 γευομένων
601 2743 672 2810 τοῖς
691 2728 807 2810 ὅπλοις
824 2734 1062 2820 κεκρατηκέναι

54 2840 103 2906 καὶ
133 2837 195 2928 τὴν
227 2838 330 2910 πόλιν
366 2837 428 2927 τὴν
461 2838 590 2907 ἑαυτῶν
623 2834 851 2906 ἀπολωλεκόσι
883 2843 942 2926 τῆς
974 2843 1063 2920 ίόίας

55 2943 160 3027 αὐτοῖς
192 2948 473 3034 μεταδεδωκέναι·
510 2942 594 3014 ὥστε
627 2944 684 3013 καὶ
715 2943 859 3013 ἀκουσιυ
888 2943 1063 3034 Ἀλβανοῖς
1076 2967 1103 3009 2⁵

55 3054 104 3120 καὶ
134 3056 248 3140 ἑκοῦσι1
280 3051 471 3141 προσήκειν.
495 3051 667 3134 ἐξεστάναι
694 3048 869 3139 Ῥωμαίοις
903 3058 963 3141 τῆς
993 3058 1061 3122 τῶν

56 3156 205 3248 ὑπηκόων
229 3159 342 3250 ἀρχῆς.
383 3163 421 3228 αί
442 3159 480 3227 δὲ
502 3163 571 3228 τῶν
589 3165 749 3228 Λατίνων
772 3159 887 3240 πόλεις
906 3164 977 3251 ἰδίᾳ
1000 3160 1062 3248 μὲν
1082 3165 1103 3230 3

121 3364 136 3412 6
154 3360 281 3430 σαβίνοις
299 3357 346 3411 Ba
417 3364 433 3412 9
452 3351 589 3426 διάφοροι
606 3354 671 3412 τότε
691 3355 803 3425 πρῶτον
823 3355 846 3409 Β
864 3350 927 3410 τότε
947 3373 976 3411 π.
996 3357 1021 3409 ὃ.
1037 3357 1063 3410 Β,

61 3431 87 3479 11
104 3423 331 3498 παραδιδόναιΒ
349 3427 533 3497 παραδοῦναι
546 3428 572 3482 R
640 3433 673 3482 13
687 3426 874 3512 πρερβείαςΒ
892 3423 1023 3512 πρέσβεις
1037 3429 1062 3481 R

60 3502 88 3551 17
105 3493 199 3577 om
266 3506 300 3556 23
320 3500 400 3567 σφίσι
418 3499 441 3552 Β
460 3499 555 3555 om.R
609 3505 643 3554 26
662 3498 858 3568 προοηκεινΒ
881 3500 1061 3567 προσηκειΒ
