2404 3918
500 193 692 270 '-r-
1052 213 1117 280 εει

99 373 205 455 αὐτὸς
227 374 289 463 μὲν
312 380 372 464 τῆς
389 373 573 463 Ῥωμαϊκῆς
601 373 713 463 ἡγεῖτο
743 374 934 463 δυνάμεως,
955 373 1118 465 Ἀρρόντα

100 480 141 549 δὲ
167 480 228 550 τὸν
255 479 467 569 ἀδελφιδοῦν
494 485 554 570 τῆς
584 486 795 570 Τυρρηνικῆς
823 488 1012 570 συμμαχίας
1039 480 1116 552 άπέ-

100 589 189 670 δειξε
217 588 419 677 στρατηγόν·
452 595 610 658 Λατίνων
638 589 677 658 δὲ
708 590 764 659 καὶ
795 593 864 658 τῶν
894 588 1008 659 άλλων
1034 591 1157 678 συμὸ

35 694 222 783 εεῖμάχων
241 698 356 778 ἔταξεν
379 695 495 785 άρχειν
519 695 630 785 ἄνδρα
652 709 813 784 γενναῖον
832 696 894 785 μὲν
917 695 957 765 τά
975 699 1117 785 πολέμια

99 803 157 871 καὶ
179 817 322 890 φρονεῖν
343 801 384 872 τά
404 805 527 874 δέοντα
546 802 765 889 ίκανάτατον,
784 805 882 885 ξένον
903 803 941 872 δὲ
958 805 1014 872 καὶ
1037 802 1144 872 ἄπο-ε

101 917 171 978 λιν·
194 909 361 998 Σερούϊος
383 910 473 1004 αύτῷ
496 931 748 1000 προσηγορικον
767 909 876 999 όυομα
898 903 954 998 ἦν,
977 910 1119 992 Τύλλιος

102 1016 141 1085 δέ
162 1016 201 1087 τὸ
225 1018 442 1104 συγγενικόν·
466 1010 666 1112 ᾦῬωμαῖοι
684 1016 765 1106 μετὰ
783 1015 845 1105 τὴν
862 1023 1013 1087 Λευκίου
1035 1026 1118 1107 Ταρ-

100 1129 224 1193 κυνίου
254 1122 432 1212 τελευτὴυ’
449 1125 642 1212 βασιλεύειν
673 1130 733 1213 τῆς
768 1124 898 1205 πόλεως
934 1125 1118 1215 ἐπέτρεψαν

102 1227 165 1298 ούκ
193 1229 296 1319 ούσης
327 1239 503 1324 Ταρκυνίῳ
531 1236 649 1320 γενεᾶς
676 1231 834 1322 ἄρρενος,
866 1230 1029 1321 ἀγάμενοι
1056 1230 1118 1302 τὸν

103 1335 212 1427 ἄνδρα
233 1342 293 1426 τῆς
315 1365 351 1407 τε
373 1339 449 1427 περὶ
471 1336 512 1408 τὰ
530 1337 682 1408 πολιτικά
704 1340 761 1408 καὶ
783 1343 842 1427 τῆς
859 1340 936 1430 περὶ
958 1337 999 1409 τά
1021 1341 1117 1409 πολέ-
1132 1360 1158 1400 1⁰

101 1471 162 1531 μια
184 1442 312 1534 άρετῆς.
357 1445 456 1531 γένος
479 1444 517 1512 δὲ
539 1448 601 1514 τού
628 1444 756 1535 άνθρὸς
782 1450 883 1514 τοῦδε
913 1447 969 1515 καὶ
990 1445 1119 1535 τροφάς

99 1552 157 1622 καὶ
180 1550 281 1640 τύχας
298 1553 354 1620 καὶ
371 1549 435 1640 τὴν
454 1554 490 1620 ἐκ
507 1557 570 1622 τού
588 1558 689 1622 θείου
707 1553 897 1641 γενομένην
913 1553 991 1640 περὶ
1013 1550 1118 1622 αὐτὸν

100 1658 319 1746 ἐπιφάνειαν,
347 1657 430 1728 ὅταν
458 1657 541 1728 κατά
569 1664 668 1730 τούτο
696 1663 845 1748 γένωμαι
872 1659 910 1728 τὸ
935 1661 1035 1750 μέρος
1056 1663 1119 1728 τοῦ

100 1765 223 1852 λόγου,
247 1765 461 1854 διηγήσομαι.

190 1874 306 1941 LXVI.
347 1871 428 1942 Τότε
457 1870 489 1940 θ’
521 1864 600 1959 οὖν,
633 1872 748 1961 ἐπειδὴ
779 1873 1026 1962 παρεσκεύαστο
1056 1870 1117 1960 άμ-
1132 1899 1158 1942 ιε

101 1980 259 2069 φοτέροις
280 1980 321 2050 τὰ
343 1978 427 2070 πρὸς
449 1978 509 2050 τὸν
533 1977 649 2067 άγάυα
670 1982 853 2069 ἐπιτήδεια,
877 1978 1047 2069 συνῄεσαν
1072 1982 1103 2046 εί
1154 2047 1158 2056 ,

101 2087 228 2176 μάχην,
251 2085 343 2177 εἶχον
366 2088 404 2158 δέ
426 2086 465 2157 τὸ
490 2087 552 2176 μέν
575 2085 755 2176 εύάνυμον
776 2089 875 2177 κέρας
898 2091 934 2156 οί
948 2084 1118 2173 Ῥωμαῖοι,

47 2192 48 2197 “
100 2193 139 2264 τὸ
171 2194 208 2265 δὲ
237 2193 349 2278 δεξιὸν
379 2198 413 2264 οί
442 2200 628 2282 Τυρρηνοί,
655 2193 739 2264 κατὰ
766 2196 871 2282 μέσην
900 2193 938 2262 δέ
964 2190 1027 2280 τὴν
1054 2191 1118 2278 φά-

100 2309 210 2388 λαγγα
246 2308 390 2370 Λατῖνοι
427 2300 628 2389 ἐτάχθησαν.
687 2302 875 2389 γενομένου
912 2299 950 2368 δέ
985 2297 1119 2386 άγάνος

100 2411 265 2496 καρτεροῦ
296 2406 342 2476 δι’
369 2405 450 2495 ὅλης
480 2405 604 2496 ἡμέρας
637 2411 759 2478 ένίκων
789 2411 824 2476 οί
843 2405 1001 2496 Ῥωμαῖοι
1028 2402 1118 2493 παρὰ
1132 2431 1159 2472 το

100 2513 190 2584 πολύ
216 2515 272 2584 καὶ
299 2513 445 2596 πολλοὺς
476 2515 538 2603 μὲν
566 2513 822 2596 ἀποκτείναντες
853 2519 921 2584 τόν
947 2516 1117 2600 πολεμίων

41 2623 146 2691 578έυ
172 2626 213 2712 τῇ
237 2621 325 2710 μάχη
352 2623 558 2709 γενομένους
589 2621 717 2709 ἄνδρας
746 2619 915 2708 άγαθούς,
941 2624 1053 2713 πολλῷ
1083 2622 1115 2688 δ’

102 2733 153 2798 ἔτι
178 2734 315 2810 τελείους
342 2728 573 2818 αἰχμαλώτους
599 2728 760 2814 λαβόντες
787 2731 824 2797 έν
847 2732 888 2817 τῇ
918 2732 1026 2817 φυγῇ,
1049 2732 1118 2797 τῶν

103 2835 143 2904 δὲ
169 2840 389 2924 παρεμβολῶν
421 2833 623 2923 ἀμφοτέρων
653 2837 821 2923 ἐγκρατεῖς
850 2833 1031 2923 γενόμενοι
1062 2837 1118 2905 καὶ

102 2942 282 3032 χρημάτων
309 2945 414 3031 μέγαν
442 2941 701 3030 περιβαλόμενοι
733 2945 881 3012 πλοῦτον
914 2939 1021 3023 άὸεύς
1051 2939 1117 3029 ἤδη
1132 2964 1159 3005 ετ

101 3053 163 3137 τῆς
184 3046 358 3134 ὑπαίθρου
384 3048 493 3136 πάσης
520 3048 699 3137 ἐκράτουν,
728 3045 772 3136 ἢν
799 3049 881 3137 πυρὶ
907 3049 964 3117 καὶ
988 3048 1117 3140 σιδήρῳ

101 3158 159 3226 καὶ
186 3160 267 3225 πάσι
294 3154 528 3244 λωβησάμενοι
555 3169 685 3242 κακοῖς,
713 3153 828 3242 ἐπειδὴ
858 3153 895 3224 τὸ
926 3156 1030 3244 θέρος
1052 3158 1118 3225 έτε-

176 3358 191 3406 1
210 3346 373 3423 άρρόνταΒ
391 3345 515 3422 άρρουτά
530 3356 555 3407 Δ
623 3359 639 3407 6
658 3348 767 3415 τύλλιος
783 3351 807 3405 Β
825 3346 923 3414 τύλλος
936 3353 962 3406 Β
1029 3358 1045 3407 9
1063 3326 1118 3406 Ιούιι

102 3442 158 3482 om.
177 3424 201 3478 B
279 3429 312 3479 10
330 3419 459 3480 πολιτικά
478 3424 502 3478 Β
529 3418 668 3494 πολεμικά
686 3425 712 3478 Α
733 3426 737 3490 Ι
757 3421 878 3492 πολέμια
897 3423 920 3477 Β
945 3418 1074 3478 πολιτικά
1091 3424 1118 3477 R

102 3502 138 3552 21
157 3495 214 3550 τῶν
232 3497 373 3566 πολεμίων
387 3498 452 3565 post
471 3491 502 3550 ἐν
521 3495 555 3566 τῇ
575 3491 650 3566 μάχη
667 3494 853 3565 OpraeterB
926 3500 959 3550 22
978 3494 1028 3549 καὶ
1047 3489 1078 3549 έν
1091 3495 1118 3549 A
