2408 3928
160 231 227 298 290
585 264 621 275 -
658 238 753 289 Γ-

158 390 261 462 ταῦθ’
289 393 400 462 ίκανά
433 391 547 481 ἐπειδή
576 393 615 462 δὲ
642 394 698 462 καλ
725 392 806 474 τοὺς
833 399 930 481 βίους
955 398 1023 463 τῶν
1043 393 1154 462 πόλεων

160 498 467 591 ἀντιπαρεξετάζειν
502 496 661 587 άλλήλοις
692 500 887 589 ἐπεχείρεις,
924 491 950 570 ῶ
982 502 1155 588 Φουφέττιε,
1191 555 1192 560 1

160 609 269 694 λέγων
298 607 350 676 ὅτι
376 604 415 675 τὸ
444 606 506 695 μὲν
526 606 700 694 Ἀλβανῶυ
725 603 860 693 εὐγενὲς
887 608 1008 695 ὅμοιον
1030 605 1079 676 άελ
1099 612 1154 676 δια-
1191 625 1192 634 ’

160 717 269 802 μένει,
291 712 329 782 τὸ
354 710 386 781 δ’
407 709 572 800 ἡμέτερον
595 715 800 802 ἐξέφθαρται
822 729 895 795 ταῖς
918 717 1090 802 ἐπιμιξίας
1108 717 1155 782 τοῦ

119 849 133 889 ι
160 818 368 908 ἀλλοφύλου,
390 821 448 888 καὶ
471 819 533 889 οὐκ
555 818 673 907 ἠξίους
696 817 812 911 άρχειν
834 823 904 889 τῶν
927 827 1076 909 γνησίων
1095 818 1156 898 τοὺς

159 927 292 1008 νόθους
324 925 405 998 οὐδὲ
436 931 505 997 τῶν
539 926 735 1014 αὐθιγενῶν
767 926 847 1008 τοὺς
878 927 1060 1015 ἐπήλυδας,
1088 927 1155 1015 μάθε

159 1037 216 1103 καλ
251 1036 334 1104 κατὰ
371 1039 470 1104 τοῦτο
508 1032 712 1123 ἁμαρτάνων
750 1034 892 1122 μάλιστα
929 1033 967 1103 τὸ
1007 1038 1156 1120 δικαίωμα

118 1141 142 1206 4
160 1139 255 1229 ἡμεῖς
276 1140 342 1230 γάρ
364 1141 530 1211 τοσούτου
553 1143 676 1229 δέομεν
703 1141 927 1229 αἰσχύνεσθαι
953 1140 1075 1229 κοινήν
1096 1139 1155 1209 άντ-

159 1251 327 1330 δείξαντες
366 1248 429 1336 τήν
469 1248 571 1318 πόλιν
610 1262 682 1328 τοῖς
722 1250 961 1336 βουλομένοις,
1006 1247 1087 1318 ῶστε
1116 1249 1155 1314 καὶ

119 1379 146 1420 ιο
159 1354 401 1442 σεμνυνόμεθα
424 1356 479 1423 ἐπὶ
500 1354 609 1446 τούτῳ
634 1354 778 1442 μάλιστα
804 1359 850 1447 τῷ
874 1359 974 1447 ἔργω,
1000 1354 1061 1424 οὐκ
1082 1351 1156 1422 αὐτοὶ

156 1464 219 1530 τοῦ
247 1460 348 1548 ζήλου
374 1463 475 1528 τοῦδε
505 1458 679 1547 ἄρξαντες,
711 1458 802 1550 παρά
834 1460 871 1530 δὲ
901 1464 963 1548 τῆς
988 1459 1157 1548 Ἀθηναίων

157 1566 287 1648 πόλεως
313 1565 351 1635 τὸ
379 1566 591 1657 παράδειγμα
618 1567 795 1654 λαβόντες,
829 1557 871 1654 ἦς
899 1569 1060 1654 μέγιστον
1084 1569 1158 1645 κλέος
1191 1589 1192 1654 j

157 1676 195 1742 έν
210 1671 372 1761 Ἕλλησίν
396 1675 476 1759 ἐστι,
498 1674 555 1742 καλ
579 1672 637 1742 διὰ
653 1677 755 1742 τοῦτο
779 1671 842 1761 οὐχ
859 1670 980 1760 ἥκιστα
1004 1679 1038 1743 εἰ
1058 1672 1100 1763 μή
1114 1673 1185 1742 καλοῖ

116 1778 300 1868 ὗμάλιστα
321 1777 360 1849 τὸ
383 1785 576 1867 πολίτευμα.
621 1780 678 1848 καὶ
704 1778 743 1849 τὸ
770 1783 907 1868 πρᾶγμα
937 1778 1023 1868 ήμϊν
1046 1785 1159 1850 πολλῶν

118 1920 143 1961 ιι
158 1885 344 1974 γενόμενον
368 1885 511 1974 ἀγαθῶν
535 1895 645 1957 αἴτιον
674 1883 746 1956 οὔτ’
773 1888 953 1975 ἐπίμεμψιν
981 1887 1064 1958 οὔτε
1085 1914 1160 1976 μετα-

157 1996 293 2081 μέλειαν
318 1992 363 2074 ῶς
386 1992 594 2082 ἡμαρτηκόσι
622 1994 734 2082 φέρει,
762 1993 856 2082 άρχει
879 2020 915 2063 τε
941 1995 998 2064 καὶ
1024 1993 1161 2084 βουλεύει
1190 2021 1191 2066 ι

155 2101 212 2169 καὶ
243 2098 302 2181 τὰς
339 2097 442 2181 ἄλλας
477 2099 576 2188 τιμάς
610 2105 798 2189 καρποῦται
835 2098 914 2190 παρ’
948 2099 1034 2190 ήμῖν
1067 2100 1122 2189 οὐχ
1147 2097 1160 2167 ὁ

155 2205 263 2275 πολλά
290 2208 441 2295 χρήματα
472 2211 671 2296 κεκτημένος
704 2205 786 2276 οὐδὲ
814 2205 832 2276 ό
860 2206 1009 2290 πολλοὺς
1038 2210 1160 2296 πατέρας

156 2314 355 2400 ἐπιχωρίους
378 2315 539 2404 ἐπιδείξαι
559 2314 760 2402 δυνάμενος,
783 2311 859 2382 ἄλλ’
881 2314 974 2395 ὅστις
995 2311 1044 2384 ῶν
1064 2308 1159 2406 ήτοά·

114 2450 142 2492 ιο
155 2446 224 2489 των
246 2424 315 2489 τῶν
337 2425 444 2507 τιμῶν
467 2419 568 2502 ἄξιος.
615 2419 743 2511 οὐγὰρ
767 2423 805 2490 έν
824 2419 914 2513 άλλςο
937 2423 1006 2491 τινλ
1030 2421 1093 2511 τήν
1114 2417 1159 2488 ἄν·

154 2531 335 2614 θρωπίνην
376 2526 551 2614 εὐγένειαν
592 2523 755 2616 ὑπάρχειν
792 2533 990 2616 νομίζομεν,
1029 2526 1102 2596 ἀλλ’
1132 2529 1160 2594 έν
1189 2527 1190 2532 ’

154 2630 264 2722 ἀρετή.
301 2632 319 2702 ὁ
340 2632 377 2702 δὲ
397 2631 498 2713 ἄλλος
516 2632 616 2721 ὄχλος
635 2637 731 2723 σῶμα
748 2637 808 2721 τής
821 2633 950 2716 πόλεως
969 2636 1063 2705 ἐστιν
1077 2631 1160 2722 ἰσχὺν

153 2739 210 2806 καλ
243 2738 390 2826 δύναμιν
422 2753 492 2820 τοῖς
523 2746 763 2827 βουλευθεῖσιν
790 2737 856 2810 ὑπὸ
887 2745 956 2810 τῶν
986 2747 1159 2832 κρατίστων

153 2843 388 2932 παρεχόμενος.
435 2845 561 2933 μεγάλη
584 2872 620 2915 τε
643 2843 740 2935 ήμῶν
762 2844 902 2934 ἡπόλις
924 2849 960 2916 ἐκ
980 2852 1099 2937 μικράς
1114 2844 1158 2914 καὶ
1188 2857 1189 2882 ¹

111 2979 140 3022 ει
153 2950 283 3041 φοβερά
311 2957 383 3032 τοίς
408 2956 591 3041 περιοίκοις
619 2955 653 3035 ἐξ
681 2951 981 3042 εὐκαταφρονήτου
1009 2955 1066 3024 διά
1093 2952 1158 3023 ταέε

153 3084 216 3146 την
247 3056 310 3145 τήν
347 3063 611 3148 φιλανθρωπίαν
647 3061 782 3148 γέγονε,
819 3062 877 3147 τῆς
908 3086 945 3129 τε
979 3058 1157 3148 ἡγεμονίας,

225 3213 418 3291 λίπεχείρεις
435 3221 458 3275 Β
477 3215 672 3290 ίπιχειρεῐςΒ
748 3227 766 3278 4
789 3219 966 3292 διέφθαρται
992 3221 1080 3278 Cobet
1096 3219 1156 3275 Nov.
1187 3287 1188 3290 Ἴ

152 3289 229 3346 Ιιεοι
253 3308 282 3360 p.
301 3295 363 3360 290,
388 3291 451 3348 obs.
471 3309 499 3362 p.
518 3298 552 3348 οι
635 3297 650 3347 τ
675 3287 746 3364 μετὰ
771 3291 860 3350 cobet
882 3292 985 3349 Mnem.
1009 3293 1047 3348 lx
1069 3310 1096 3363 p.
1114 3294 1157 3344 ιιι
1187 3305 1188 3308 “

153 3365 169 3414 8
188 3362 306 3416 τοσοῦτο
324 3362 348 3415 Β
420 3368 454 3416 13
473 3360 501 3416 εί
517 3357 555 3433 μὴ
575 3361 625 3416 καλ
643 3365 668 3417 Α
691 3364 741 3418 κοιλ
759 3379 814 3420 om.
833 3365 857 3419 B
882 3362 909 3419 εί
925 3360 964 3435 μὴ
984 3363 1032 3420 καλ
1049 3359 1156 3434 μάλιστα

153 3429 323 3485 δε]..Οοοείι
344 3430 447 3486 Mnem.
470 3431 508 3485 IX
533 3450 560 3503 p.
580 3437 643 3500 319,
668 3433 734 3490 Obs.
757 3452 785 3505 p.
811 3441 845 3491 62
925 3441 958 3491 19
983 3431 1118 3501 ἐπιδεῖξαι
1138 3429 1157 3484 Β

154 3493 305 3564 οἷποδεῐξαι
324 3501 350 3553 R

1182 3719 1187 3902 s
