2396 3918
472 215 636 270 -B-
996 213 1061 282 183

136 372 238 440 XXIL
271 370 362 442 Ἐπεὶ
385 373 424 444 δὲ
445 375 502 443 καὶ
521 371 578 444 θεά
599 377 775 462 γυναικοῖν
796 377 865 446 ἔδει
887 373 964 446 τινὰ
987 373 1062 465 ἱερά

61 485 283 549 συντελεῖσθαι
303 481 361 550 καὶ
384 479 441 550 θεά
467 485 609 570 παίδων,
627 480 836 571 άμφνθαλῦν
864 485 975 573 ἕτερα,
1002 485 1062 554 ἱνα

59 585 106 652 καὶ
124 588 226 655 ταῦτα
248 588 386 674 γένηται
408 586 492 658 κατά
514 587 552 658 τὸ
575 588 771 679 κράτιστον,
797 590 858 673 τάς
886 616 922 661 τε
944 602 1062 677 γοναῖ-

58 717 109 772 κας
129 695 218 775 ἔταξε
240 696 310 763 τοὶν
333 697 452 784 ἱερέων
474 709 546 777 τοῖς
573 697 703 767 ἑαυτῶν
732 695 879 786 ἀνδράσι
906 699 1062 785 συνιερά-

59 805 143 885 σθαι,
164 801 222 868 καλ
245 809 280 869 εῖ
297 827 330 870 τι
353 799 398 890 μη
416 804 516 890 θέμις
538 793 583 891 ἦν
604 800 661 872 ὑπ’
682 789 1063 894 άνῦρῦνόργιάξεσθαι
1089 830 1103 874 ε

58 903 127 973 κατὰ
161 905 273 994 νόμον
308 906 369 978 τὸν
407 908 604 1000 ἔπιχιόριον,
644 910 767 993 ταύτας
809 913 971 982 ἐπιτελεῖν
1006 908 1063 978 καὶ

58 1014 165 1093 παῖδας
201 1011 318 1084 αῦτιιν
350 1013 391 1084 τά
427 1016 624 1104 καθήκοντα
660 1026 883 1107 λειτουργεῖν·
918 1029 991 1097 τοῖς
1024 1014 1063 1084 δὲ

59 1116 192 1188 ἄπαισιν.
207 1120 245 1188 ἐκ
266 1123 335 1190 τάν
353 1120 468 1192 άλλαν
488 1131 592 1193 οῖκαν
610 1122 690 1207 τοῦς
708 1123 947 1214 χαριεστάτους
963 1147 1063 1192 κατα·

60 1227 199 1310 λεγέντας
227 1229 261 1310 ἐξ
289 1227 428 1317 ἑκάστης
455 1230 618 1320 φράτρας,
644 1231 751 1320 κόρον
772 1232 830 1301 καὶ
851 1230 974 1320 κόρην,
1001 1225 1063 1299 τόν

58 1330 107 1415 μὲν
129 1335 192 1415 ἔως
214 1333 301 1422 ἥβης
323 1334 502 1426 ὑπηρετεῖν
525 1339 579 1408 ἐπὶ
597 1353 668 1420 τοῖς
686 1342 800 1428 ἱεροῖς,
817 1335 880 1426 τὴν
900 1337 938 1408 δὲ
955 1336 1063 1425 κόρην
1078 1363 1104 1404 ιο

20 1434 136 1507 λθθόσον
158 1436 205 1509 άν
233 1433 255 1530 ᾖ
278 1442 406 1531 χρόνον
428 1442 516 1533 άγνη
546 1445 678 1534 γάμων·
710 1448 747 1516 ἐκ
769 1449 838 1516 τῶν
856 1442 1064 1531 Ἑλληνικῶν

56 1543 159 1631 νόμον
186 1541 246 1616 καλ
273 1553 378 1618 ταῦτα
405 1550 702 1640 μετενεγκάμενος,
730 1547 776 1632 ὡς
805 1549 870 1638 ἔγά
892 1555 1064 1638 πεῖθομαι.

56 1647 108 1720 ὅσα
129 1653 193 1742 μὲν
216 1653 283 1744 γάρ
307 1659 346 1724 αἱ
364 1656 556 1746 κανηφόροι
584 1658 640 1726 καὶ
670 1655 863 1745 ἀρρηφόροι
885 1655 1064 1744 λεγόμεναι
1083 1656 1104 1722 2

55 1764 304 1848 λειτουργοῦσιν
327 1764 380 1832 ἐπὶ
398 1791 467 1834 τιιν
486 1761 693 1852 Ἑλληνικῶν
712 1767 825 1851 ἱεράν,
847 1766 952 1833 ταῦτα
974 1759 1065 1848 παρά

51 1860 218 1954 Ῥωμαίοις
237 1872 276 1937 αἱ
287 1870 627 1960 προσαγορευόμεναι
644 1875 845 1942 τουτολᾶται
864 1872 1065 1940 συντελοῦσι
1079 1898 1105 1940 ιε

54 1973 229 2061 στεφάναις
250 1976 481 2066 κοσμούμεναι
502 1977 563 2060 τὰς
583 1978 747 2066 κεφαλάς,
777 1981 865 2059 οἵαις
891 1989 1065 2065 κοσμεῖται

53 2076 87 2145 τὰ
105 2084 163 2168 τῆς
179 2079 338 2170 Ἐφεσίας
353 2081 546 2175 Ἀρτέμιθος
563 2083 781 2174 άφιῦρόματα
799 2083 878 2173 παρ’
893 2081 1065 2171 Ἕλλησιν.

54 2180 108 2254 όσα
131 2188 170 2257 A}
191 2188 285 2278 παρὰ
312 2197 501 2280 Ίλιρρηνοῑς
526 2193 583 2260 καὶ
611 2198 658 2262 ἔτι
685 2192 852 2281 πρότερον
878 2188 969 2278 παρὰ
999 2197 1064 2258 Πε·

53 2298 181 2380 λασγοῖς
204 2296 344 2366 ἐτέλουν
367 2300 424 2367 ἔπὶ
442 2325 478 2367 τε
500 2297 689 2387 Κουρήτων
711 2298 768 2366 καὶ
793 2297 948 2385 μεγάλαν
969 2298 1065 2364 θεῶν

54 2394 245 2490 ὀργιασμοῖς
268 2405 302 2472 οἱ
318 2389 521 2492 καλούμενοι
539 2404 624 2492 πρὸς
642 2402 755 2474 αὐτῶν
775 2404 942 2492 κάδμιλοι,
959 2405 1064 2471 ταῦτα
1078 2431 1105 2473 ιο

54 2505 126 2575 κατὰ
152 2507 216 2578 τὸν
244 2507 351 2579 αὐτὸν
377 2511 505 2598 τρόπον
532 2508 724 2600 ὑπηρέτουν
756 2525 827 2592 τοῖς
854 2512 1004 2598 ἱερεῦσιν
1032 2510 1068 2577 οἱ

11 2671 14 2678 .
54 2613 224 2703 λεγόμενοι
246 2619 313 2685 νῦν
336 2613 402 2686 ὑπὸ
423 2615 596 2705 Ῥωμαίων
618 2617 766 2706 κάμιλοι.
812 2621 861 2686 ἔτι
883 2614 968 2703 πρὸς
989 2613 1105 2685 τού-3

19 2729 121 2801 ιιιτοις
139 2724 233 2805 ἔταξε
252 2721 375 2810 μάντιν
395 2724 429 2805 ἐξ
448 2722 588 2811 ἑκάστης
606 2727 717 2812 φυλῆς
739 2725 800 2793 ἕνα
816 2735 974 2811 παρεῖναι
996 2735 1067 2802 τοῖς

55 2827 163 2916 ἱεροῖς,
193 2825 236 2898 ὃν
259 2827 355 2918 ἡμεῖς
382 2829 444 2919 μὲν
468 2831 670 2919 ἱεροσκόπον
698 2833 884 2918 καλοῦμεν,
908 2826 1066 2917 Ῥωμαῖοι

116 2994 132 3043 2
151 2992 301 3046 τελεῖσθαι
318 2992 344 3045 Α
426 2997 442 3046 3
461 2992 574 3079 γίνηται
592 2991 618 3044 Α
699 2995 717 3044 4
736 2986 818 3056 ἔταξε
842 2989 900 3044 τῶν
924 2985 1025 3058 ἱερέαν
1043 2989 1066 3044 Β

55 3055 107 3140 ηἱ.
126 3056 210 3127 ἔταξε
229 3063 256 3117 Β,
319 3069 335 3118 6
354 3062 404 3117 παλ
421 3081 490 3124 τους
503 3063 610 3124 παῖδας
628 3077 652 3116 ο.
666 3060 809 3131 Xiessling
872 3067 889 3116 8
908 3056 1066 3116 άπαιτινΒ

55 3147 152 3212 ατατιν
170 3133 198 3188 R
222 3134 226 3201 Ι
251 3130 501 3203 καταλέγονταςΒ
583 3138 617 3188 10
640 3129 706 3204 ἕως]
729 3127 769 3194 ὥς
791 3133 817 3186 Α
842 3133 846 3200 Ι
869 3127 1064 3201 ῦπηρετεῖνΒ

55 3201 190 3272 ιτηρέτην
208 3205 235 3258 A
251 3206 256 3274 Ι
273 3199 321 3260 ἔπλ
339 3205 436 3260 om.B
511 3208 543 3259 12
563 3205 690 3275 νομίμων
709 3219 732 3259 ο.
748 3201 853 3258 Roiske
927 3208 960 3257 13
979 3197 1065 3271 άρρη-

57 3267 132 3340 φόροι
153 3275 228 3331 ABa
259 3269 453 3346 άρρητοφόροι
475 3275 521 3330 Ba
603 3279 636 3330 15
657 3271 733 3329 αἳΒ
759 3275 763 3343 Ι
787 3274 872 3328 τοῦτο
897 3269 1064 3330 &Mun

57 3343 131 3400 τοῦτο
144 3344 211 3402 &AB
229 3347 401 3402 τουτολᾶται
409 3345 553 3417 Kiessling
570 3341 825 3401 τουτόλαιΚθελΕιι
834 3343 937 3400 Philol.
947 3342 1064 3398 XXXIV

58 3429 80 3480 p.
94 3421 142 3472 756
216 3423 251 3474 19
270 3413 429 3474 ἔτέλουνΟ
458 3415 628 3474 συνετέλουν
647 3433 669 3472 ο.
689 3415 833 3486 Kiesuling
914 3420 949 3470 20
971 3409 1065 3470 κάθω-

59 3486 96 3539 λοι
112 3485 144 3556 0,
163 3504 231 3545 corr.
251 3489 284 3546 G.
304 3489 376 3546 Voss
448 3493 482 3545 21
500 3482 673 3559 ὑπηρετοῦσι
691 3503 714 3542 ο.
733 3487 837 3542 Reiske
