2408 3928
590 221 758 276 ..Γ-

164 379 227 470 τὴν
250 382 289 450 ἐν
311 385 357 474 τῷ
376 388 535 469 πολεμείν
555 379 654 469 ίσχὺυ
675 378 812 468 καλιὴν
832 381 868 448 ἐν
887 382 933 473 τῷ
957 376 1165 466 βουλεύεσθαι

164 487 353 579 φρόνησιν,
382 485 403 557 ά
430 490 506 577 περὶ
535 486 622 576 ἡμᾶς
650 490 742 558 ἐστιν
769 485 957 576 ἀμφότερα·
988 485 1046 554 καὶ
1069 481 1166 553 ὅτιού

164 593 263 675 κενὸς
286 592 305 663 ὁ
328 595 457 683 κόμπος
478 592 500 684 ἡ
523 595 651 677 παντὸς
672 594 779 681 λόγου
800 598 962 682 κρείττων
982 605 1082 678 πεῖρα
1101 589 1165 678 ἡμῖν

165 715 336 790 μαρτυρεῖ.
377 701 545 789 τοσαύτην
568 707 656 790 γοῦν
679 703 815 790 μεγέθει
837 701 895 770 καὶ
917 698 1064 787 δυνάμει
1085 697 1166 767 πόλιν

126 828 139 870 ⁵
167 807 229 897 οὐχ
259 804 334 878 οἶόν
361 835 397 880 τε
424 801 469 899 ἦν
496 812 659 897 γενέσθαι
690 814 786 899 τρίτη
817 811 919 900 γενεᾷ
945 803 1029 896 μετὰ
1056 804 1114 874 τὸν
1133 809 1165 872 οί-
1193 869 1194 894 ,

165 915 304 1003 κισμόν,
332 920 364 985 εί
390 915 435 1005 μὴ
462 915 501 986 τό
529 943 564 987 τε
592 915 754 1006 ἀνδρείου
782 917 992 1004 ἐπερίττευεν
1022 911 1104 1002 αὐτῇ
1127 913 1165 978 καὶ

165 1019 204 1091 τὸ
227 1020 409 1110 φρόνιμον.
456 1025 569 1093 ἱκαναί
598 1023 889 1112 δδ·τεκμηριάσαι
916 1019 955 1091 τὸ
979 1016 1166 1108 κράτοςαὺ

164 1131 225 1214 τῆς
246 1128 368 1197 πολλαὶ
390 1127 504 1210 πόλεις
527 1131 564 1198 ἐκ
586 1133 648 1199 τοῦ
671 1136 830 1200 Λατίνων
859 1119 960 1198 οὖσαι
988 1129 1111 1216 γένους
1127 1127 1166 1193 καί

165 1231 227 1320 τὴν
264 1240 374 1304 κτίσιν
415 1233 475 1324 ἀφ’
509 1233 606 1324 ὑμῶν
648 1241 800 1324 ἔχουσαι,
842 1241 880 1305 αἳ
917 1233 983 1324 τὴν
1025 1232 1165 1323 ὑμετέραν

126 1366 153 1407 ιο
166 1336 389 1429 ὑπεριδοῦσαι
429 1341 530 1413 πόλιν
571 1339 654 1432 ἡμῖν
695 1341 995 1432 προσκεχωρήκασι
1032 1342 1090 1410 καὶ
1121 1337 1166 1408 ὑπὸ

161 1444 336 1537 Ῥωμαίων
359 1448 526 1539 ἄρχεσθαι
549 1455 680 1538 μᾶλλον
703 1448 858 1534 άξιοὺσιυ
880 1447 901 1538 ἢ
924 1448 984 1519 ὑπ’
1002 1447 1167 1536 Ἀλβανῶν,

167 1550 213 1634 ὡς
234 1552 331 1643 ἡμῶν
354 1555 417 1644 μὲν
435 1554 610 1646 ἀμφότερα
629 1560 758 1626 ἱκανῶν
782 1555 893 1625 ὄντων
913 1555 994 1636 τούς
1013 1583 1052 1626 τε
1071 1561 1169 1644 φίλους
1194 1597 1195 1650 χ

166 1651 206 1728 εὑ
238 1676 350 1732 ποιεῖν
381 1662 541 1744 καὶτοὺς
563 1658 714 1753 Ιίχδροὺς
740 1665 864 1751 κακῶς,
896 1659 994 1750 ὑμῶν
1031 1661 1065 1730 δ’
1095 1659 1195 1731 οὐδὲ

116 1774 158 1839 10
166 1791 254 1854 τερα.
308 1767 417 1838 πολλὰ
448 1767 541 1857 εἶχον
578 1775 627 1838 ἔτι
664 1771 722 1838 καὶ
755 1769 893 1858 ίσχυρά,
926 1761 953 1838 ὦ
989 1772 1170 1858 Φουφέττιε,

127 1905 153 1948 15
167 1871 250 1962 πρὸς
279 1872 339 1955 τὰς
365 1874 570 1964 δικαιώσεις,
599 1871 640 1957 ἃς
672 1874 715 1945 σὺ
745 1879 932 1965 παρέσχου,
964 1879 1094 1964 λέγειν·
1127 1873 1172 1964 μά-

165 2005 262 2049 ταιον
288 1980 326 2050 δὲ
354 1979 445 2069 δρῶν
472 1981 532 2052 τὸν
561 1982 666 2070 λόγον
693 1986 751 2052 καὶ
773 1987 811 2054 ἐν
839 1993 901 2076 ίσςο
923 1982 964 2054 τά
986 1982 1099 2054 πολλὰ
1117 1995 1173 2060 τοῖς

167 2084 295 2173 ὀλάγοις
331 2089 565 2178 λεχθησόμενα
602 2090 687 2180 πρὸς
723 2089 929 2172 ἀντιπάλους
965 2089 1071 2172 ὄντας
1103 2088 1173 2177 ὑμᾶς

165 2197 227 2262 τοῦ
252 2198 387 2264 δικαίου
408 2196 523 2287 κριτάς
549 2196 701 2286 παύομαι
728 2201 846 2286 λέγων.
887 2199 948 2268 ἕνα
972 2197 1011 2267 δὲ
1034 2197 1184 2284 ὑπολαμι

165 2299 283 2386 βάνων
301 2303 482 2392 κράτιστον
506 2303 594 2374 εἶναι
617 2306 673 2373 καὶ
694 2304 804 2393 μόνον
826 2302 923 2393 ἡμῶν
944 2304 986 2374 τὰ
1008 2311 1106 2392 νείκη
1129 2302 1174 2371 δά-

128 2438 155 2479 εο
168 2416 296 2476 νασθαι
321 2405 491 2501 διακρῖναι
513 2410 658 2500 τρόπον,
686 2402 713 2504 ᾦ
736 2416 857 2480 πολλοὶ
879 2411 1053 2500 βάρβαροί
1076 2410 1173 2482 τεκαὶ

159 2511 322 2602 Ἕλληνες
348 2522 397 2598 είς
427 2523 510 2604 ἔχδη
541 2517 764 2598 καταστάντες
796 2520 832 2587 οί
857 2518 918 2606 μὲν
950 2515 1036 2608 ὑπὲρ
1069 2515 1175 2606 ἡγεμο-

167 2625 254 2707 νίας,
274 2625 310 2692 οί
326 2622 364 2692 δὲ
379 2621 470 2712 ’ὑπὲρ
494 2622 794 2713 ἀμφισβητησίμου
816 2628 878 2711 γῆς
896 2623 1094 2714 ἐχρήσαντο,
1112 2619 1196 2693 τοὺ

117 2733 229 2797 11τον
257 2726 360 2798 είπτδν
382 2725 438 2799 Ιἔτι
465 2729 650 2817 παύσομαι·
687 2735 718 2799 εί
743 2736 972 2820 ποιησαίμεθα
998 2734 1093 2819 μέρει
1119 2729 1175 2798 τινὶ

167 2837 227 2922 τῆς
255 2836 384 2905 ἑαυτῶν
413 2841 568 2924 στρατιάς
597 2838 746 2927 ἑκάτεροι
773 2836 834 2908 τὸν
862 2836 978 2926 ἀγῶνα
1005 2844 1054 2920 είς
1077 2836 1176 2923 ὀλιγο-

128 2961 155 3002 25
170 2941 251 3009 στόν
274 2969 307 3010 τι
329 2946 461 3030 πλῆθος
483 2943 621 3035 άνδρῶν
645 2945 894 3033 συναγαγόντες
919 2943 984 3032 τὴν
1006 2949 1068 3014 τοῦ
1090 2943 1176 3012 πολέ-

243 3143 274 3192 11
302 3132 384 3193 *ὑπὸ
414 3139 436 3196 Ο
529 3147 563 3195 14
590 3136 672 3196 πόλλ’
696 3135 733 3195 διν
761 3139 850 3196 Cobet
880 3140 984 3198 Mnem.
1012 3142 1051 3196 IX
1081 3159 1108 3212 p.
1131 3143 1176 3194 320

170 3213 203 3262 16
222 3214 281 3270 τοῖς
300 3203 405 3278 ὀλίγοις
420 3210 579 3280 Stephanus
597 3219 657 3276 τοῖς
676 3218 735 3275 τοῖς
753 3210 847 3282 λόγοις
865 3211 888 3268 Ο
961 3218 995 3268 17
1016 3205 1176 3283 ἕλεγχθησό-

169 3297 241 3348 μενα
260 3279 322 3349 AB,
346 3295 416 3336 corr.
434 3281 537 3338 Rkiske
617 3289 650 3339 18
674 3284 724 3338 τοὺ
748 3285 861 3338 δικαίου
880 3284 903 3338 Β
928 3278 995 3348 τοὺς
1014 3283 1176 3345 δικαίονςΒ

169 3343 203 3400 οὑ
223 3351 353 3412 δικαίους
372 3351 494 3422 Sylburg
510 3354 516 3421 Ι
532 3351 584 3407 ἕνα
600 3352 622 3409 O
641 3348 677 3408 δν
695 3355 833 3412 Bfioheler
848 3357 852 3424 Ι
867 3348 1077 3426 ὑπολαμβάνων
1094 3353 1176 3409 Cobet

170 3415 236 3472 obs.
255 3437 281 3487 p.
301 3425 335 3474 32
354 3415 546 3490 ὑπολαμβάνω
567 3422 590 3477 Ο
651 3431 685 3478 23
706 3421 753 3480 ἐπὶ
771 3425 851 3497 μέρει
870 3443 892 3481 ο.
912 3426 1016 3482 Reiske
1072 3431 1105 3481 24
1124 3421 1175 3481 άλι-

170 3481 272 3552 γοστόν
290 3490 357 3558 τι,Β
376 3486 517 3560 ὀλίγιστόν
534 3512 562 3545 τι
580 3493 605 3546 R
