2404 3918
462 265 495 275 -
534 239 628 288 Γ-
987 232 1051 298 347

41 400 262 483 ψηφηφορίαν
285 393 365 475 τοῦς
385 392 489 475 θεοὺς
513 398 580 464 ἔδει
603 393 666 482 τὴν
689 399 865 482 βασιλείαν
889 392 979 488 αὐτῷ
1004 394 1049 464 δι’

41 505 170 572 οίωνῦν
204 506 325 571 αἰσίων
358 503 586 571 ἐπιθεσπίσαι·
628 501 739 590 ἀνδρα
772 501 809 570 δὲ
842 500 965 591 μιαρὸν
997 507 1053 570 καί

40 609 210 690 τοσούτοις
231 607 428 699 ᾑμαγμένον
452 608 574 697 φόνοις
596 606 726 691 ἀδίκοις
748 614 798 690 τίς
822 615 935 697 ἔμελλε
958 613 1052 678 θεῦν

40 713 58 803 ἢ
82 715 256 806 δαιμόνων
274 716 439 806 παρήσειν
462 722 590 804 βωμοῖς
611 743 647 785 τε
664 715 850 804 προσιόντα
867 717 924 785 καὶ
941 715 1052 804 θυμά-

40 850 102 892 των
130 823 384 913 καταρχόμενον
412 824 469 892 καὶ
495 822 555 904 τὰς
581 821 684 904 ἄλλως
711 824 927 892 ἐπιτελοῦντα
949 833 1079 911 &epa-5

41 937 140 1019 πείας;
175 929 240 1020 έγοδ
268 930 330 1019 μέν
362 928 404 1018 δὴ
436 929 494 998 διά
521 934 626 1001 ταῦτα
657 928 719 1000 οῦκ
747 935 795 1012 είς
827 928 1051 1019 ἀνθρωπίνην

44 1037 219 1128 ἐπιβουλὴν
243 1035 316 1107 ἀλλ’
338 1043 386 1119 είς
408 1041 495 1106 θεοῦ
513 1038 678 1125 βούλησιν
696 1036 735 1106 τδ
760 1042 861 1125 ἔργον
879 1035 1051 1126 ἀναφέρω,

43 1148 174 1240 κρινέτω
199 1143 231 1213 δ’
258 1147 395 1226 ἕκαστος
418 1143 463 1226 ὡς
486 1144 652 1232 βούλεται.

122 1255 272 1322 XXXVI.
296 1251 392 1322 Μετὰ
414 1251 453 1320 δέ
466 1250 534 1341 ’τὴν
550 1251 717 1321 Ὁστιλίου
740 1251 872 1322 Τύλλου
892 1253 1050 1344 τελευτὴν

50 1357 331 1448 ἡμισοβασίλειος
358 1357 424 1428 ῦπδ
451 1364 511 1448 τῆς
540 1364 667 1448 βουλῆς
694 1357 935 1449 ἀποδειχθεῖσα
965 1359 1049 1451 ἀρχὴ
1066 1393 1092 1434 ιο

45 1465 116 1534 κατά
147 1466 226 1548 τοὺς
257 1472 419 1555 πατρίους
450 1466 612 1556 ἐθισμοὺς
649 1471 791 1554 αίρείται
822 1471 962 1555 βασιλέα
993 1473 1052 1556 τῆς

45 1573 163 1656 πόλεως
185 1576 346 1666 Μάρκιον
369 1578 543 1662 ἐπίκλησιν
556 1573 696 1663 ”Αγκον·
720 1575 990 1666 ἐπικυρώσαντος
1014 1577 1051 1646 δὲ

43 1687 97 1750 τοῦ
120 1681 230 1772 δήμου
252 1682 293 1753 τά
313 1682 458 1766 δόξαντα
475 1686 515 1774 τῇ
534 1687 641 1772 βουλῇ
664 1684 721 1752 καὶ
743 1687 812 1752 νῦν
832 1685 868 1752 ἐκ
885 1688 947 1753 τοῦ
965 1688 1051 1753 θεοῦ

42 1795 146 1861 καλοῦν
169 1793 363 1880 γενομένων
387 1793 587 1870 συντελέσας
612 1788 653 1859 τά
681 1788 764 1859 κατά
787 1789 896 1876 νόμον
919 1788 1050 1861 ἅπαντα

13 1899 292 1988 ὶ18παραλαμβάνει
310 1895 372 1987 τὴν
390 1895 499 1987 ἀρχὴν
514 1895 541 1967 6
561 1897 717 1982 Μάρκιος
740 1899 883 1990 ἐνιαυτῷ
903 1899 1049 1988 δευτέρω
1065 1927 1090 1968 ιι

42 2011 94 2094 τῆς
122 2011 321 2096 τριακοστῆς
351 2006 407 2075 καὶ
443 2007 592 2094 πέμπτης
624 2003 847 2090 ὀλυμπιάδος,
879 2001 923 2093 ἣν
955 2006 1050 2072 ένίκα

43 2113 217 2200 (στάδιον)
232 2121 388 2203 Σφαῖρος
407 2111 424 2183 6
446 2110 730 2199 Λακεδαιμόνιος,
755 2109 835 2180 καθ’
857 2109 898 2180 δν
922 2109 1049 2199 χρόνον

41 2217 194 2308 Ἀθήνησι
216 2219 280 2309 τὴν
308 2218 482 2289 ἐνιαύσιον
502 2216 608 2308 ἀρχὴν
632 2215 699 2306 εἶχε
723 2223 908 2305 Δαμασίας.
949 2208 1088 2298 οῦτος2

44 2324 58 2394 ό
80 2325 234 2413 βασιλεῦς
251 2325 377 2406 πολλάς
393 2329 462 2396 τῶν
482 2329 684 2414 ίερουργιῦν
703 2322 933 2414 ἀμελουμένας
950 2351 1048 2394 κατα-

44 2433 170 2520 μαθών,
203 2430 243 2514 ἀς
276 2431 293 2503 6
327 2432 549 2523 μητροπάτωρ
582 2430 688 2501 αὐτοῦ
717 2437 906 2520 Πομπίλιος
928 2430 1049 2520 Νόμας
1064 2463 1089 2504 νο

43 2541 267 2629 κατεστήσατο,
289 2539 490 2628 πολεμιστάς
512 2565 547 2610 τε
570 2541 626 2608 καὶ
643 2541 844 2620 πλεονέκτας
861 2537 940 2620 τοῦς
960 2544 1046 2606 πλεί·

44 2667 133 2729 οτους
149 2646 324 2738 Ῥωμαίων
352 2646 534 2735 γεγονότας
562 2644 653 2733 ὁρῶν
680 2647 736 2714 καί
765 2644 874 2716 οὐκέτι
897 2649 960 2734 τὴν
982 2651 1048 2734 γῆν

45 2751 84 2834 ῦς
104 2755 266 2843 πρότερον
290 2755 546 2844 ἐργαζομένους,
574 2752 776 2842 συναγαγοδν
799 2758 848 2834 είς
870 2756 1049 2842 ἐκκλησίαν

44 2859 76 2928 τὸ
101 2869 229 2950 πλῆθος
259 2861 300 2930 τά
332 2887 367 2930 τε
398 2870 477 2928 θεία
510 2863 622 2948 σέβειν
656 2857 779 2940 αὐτοὺς
808 2857 906 2948 ἠξίου
934 2861 1048 2949 πάλιν,

45 2963 143 3058 ὥσπερ
166 2969 220 3038 ἐπὶ
233 2967 337 3056 Νόμα
356 2971 528 3037 διετέλουν
548 2971 714 3054 σέβοντες,
735 2965 868 3049 διεξιὼν
887 2965 940 3036 ότι
957 2966 1048 3058 παρὰ
1062 2997 1088 3038 τε

45 3072 190 3160 τὴντῶν
218 3079 312 3145 θεῦν
346 3072 529 3164 ὀλιγωρίαν
556 3074 654 3144 νόσοι
686 3100 721 3143 τε
751 3073 901 3162 λοιμικαὶ
927 3075 1048 3143 πολλαί
1106 3143 1113 3162 ,

46 3186 244 3272 κατέσκηψαν
268 3187 316 3264 είς
336 3180 399 3270 τὴν
417 3181 529 3268 πόλιν,
552 3179 614 3271 ὑφ’
641 3172 689 3250 ὧν
709 3180 844 3270 ἐφθάρη
864 3194 965 3270 μοῖρα
986 3185 1047 3251 τοῦ

108 3387 121 3434 1
143 3378 417 3453 φηφ<η>φορίανΒ
445 3381 629 3448 ψηφιφορίοιν
652 3380 678 3432 Α
759 3383 776 3432 3
799 3371 905 3439 ἀδίκως
928 3376 951 3431 Ο
977 3394 1046 3433 corr.

48 3445 174 3523 Kiessling
247 3458 280 3506 13
299 3451 350 3506 τοῦ
369 3451 454 3505 θείου
473 3468 496 3505 ο.
515 3449 619 3505 Reiske
698 3455 730 3503 17
749 3447 765 3481 *
784 3443 899 3503 στάδιον
922 3448 1021 3503 addidi
1041 3449 1044 3520 Ι

50 3514 61 3570 ὁ
77 3538 124 3577 om.
141 3524 163 3577 B
236 3529 271 3578 26
290 3517 370 3577 νόσοι
388 3541 418 3576 τε
437 3515 486 3576 καί
505 3521 597 3592 λοιμοὶ
620 3521 670 3574 καί
693 3515 795 3592 βλάβαι
813 3521 913 3574 πολλαί
931 3521 957 3573 Α
