2396 3918
584 227 748 278 ,Α-

157 385 219 473 μδν
243 383 353 473 ῶσπερ
375 386 475 454 τέκνα
498 387 739 472 περιέπουσαν,
766 383 807 452 τὰ
833 381 865 452 δ’
891 382 936 464 ῶς
958 381 1070 472 μητρὸς
1088 385 1135 464 ἐξε-

156 491 294 580 χόμενα,
318 492 499 580 δαιμόνιόν
521 519 554 561 τι
577 495 687 581 χρῆμα
711 488 797 579 δρῶν
820 488 1043 578 ὑπολαβόντες
1063 491 1183 575 ε’γγνιιι1

156 602 241 688 τέρω
264 599 456 689 προσῄεσαν
478 596 604 687 ἀθρόοι
628 598 859 686 δεδιττόμενοι
888 603 952 686 βοῇ
975 595 1011 666 τὸ
1031 601 1137 684 θηρίον.
1182 623 1183 644 ι

155 704 178 794 ἡ
203 707 240 774 δὲ
267 707 411 776 λύκαινα
440 704 481 774 ού
509 703 597 793 μύλα
624 704 849 794 ἀγριαίνουσα
875 709 945 774 τῶν
975 702 1138 791 ἀνθρόπεν

116 838 129 878 ι
156 816 196 901 τῇ
218 812 393 904 προσόδῳ,
420 811 495 881 ἀλλ’
522 812 677 902 ῶσπερδιν
704 811 886 900 χειροήθης
909 809 1073 883 ἀποστᾶσα
1091 813 1139 876 τῶν

156 924 294 1007 βρεφῶν
316 918 423 1008 ἠρέμα
445 921 501 988 καί
523 917 606 988 κατὰ
625 918 755 1006 πολλὴν
774 916 915 1002 ἀλογίαν
938 922 1000 988 τοῦ
1021 941 1141 1003 ποιμενι-

117 1029 219 1098 Suo&
243 1024 365 1114 ὁμίλου
391 1025 499 1115 ἀπῄει.
543 1027 600 1094 καὶ
627 1017 671 1113 ἦν
698 1024 763 1115 γᾴρ
792 1051 843 1105 τις
866 1023 907 1094 ού
928 1022 1017 1093 πολὺ
1038 1020 1141 1110 ἀπέχων

156 1135 289 1202 ἐκεῖθεν
313 1131 403 1221 ίερδς
425 1137 533 1220 χῶρος
555 1130 620 1220 ὕλη
638 1137 763 1221 βαθείᾳ
782 1129 976 1219 συνηρεφὴς
997 1131 1051 1198 καὶ
1066 1131 1143 1214 πέτρα

155 1245 251 1324 κοίλη
274 1237 382 1326 πηγὰς
403 1236 553 1323 ἀνιεῖσα,
576 1239 705 1323 ἐλέγετο
734 1235 773 1306 δὲ
795 1235 913 1316 Πανὸς
941 1234 1031 1305 εἶναι
1052 1233 1086 1304 τὸ
1104 1232 1145 1301 νί-

117 1379 142 1420 10
155 1369 232 1430 πος,
259 1346 315 1414 καί
341 1343 455 1432 βωμὸς
481 1336 525 1430 ἦν
554 1341 678 1412 αὐτόθι
704 1346 766 1411 τοῦ
792 1346 894 1412 θεοῦ·
926 1347 975 1422 είς
1002 1345 1095 1412 τούτο
1119 1337 1144 1406 τὸ

156 1456 283 1541 χωρίον
302 1454 451 1521 ἐλθοῦσα
469 1448 722 1538 ἀποκρύπτεται.
753 1447 791 1518 τδ
811 1449 873 1537 μὲν
893 1441 957 1519 οὖν
975 1448 1077 1528 ἀλσος
1092 1444 1146 1515 οὐκ·

155 1559 204 1627 ἐτι
227 1561 389 1646 διαμένει,
412 1556 450 1628 τὸ
475 1557 513 1624 δὲ
536 1555 678 1644 ἀντρον,
702 1557 736 1638 ἐξ
760 1549 802 1626 οὗ
825 1553 845 1642 ἡ
870 1554 967 1641 λιβὰς
991 1559 1146 1636 ἐκδίδοται,

154 1669 201 1756 τῷ
239 1671 442 1756 Παλλαντίῳ
483 1665 837 1754 προσῳκοδομημένον
879 1666 1053 1732 δείκνυται
1087 1658 1149 1728 κατὰ

153 1769 217 1858 τὴν
240 1773 293 1840 ἐπί
315 1769 376 1840 τὸν
400 1769 613 1860 ἱππόδρομον
640 1771 814 1858 φέρουσαν
837 1767 934 1854 ὁδόν,
956 1771 1015 1838 καλ
1037 1765 1150 1857 τέμενός

115 1910 141 1952 15
155 1879 247 1946 ἐστιν
271 1875 377 1946 αὐτοῦ
398 1884 556 1966 πλησίον,
585 1883 672 1946 ἔνθα
701 1875 800 1946 εἰκῶν
823 1892 928 1946 κεῖται
954 1881 1018 1946 τού
1041 1876 1152 1950 πόθους

155 1983 299 2053 λύκαινα
321 1989 470 2064 παιδίοις
489 1984 568 2052 δυσλ
586 1982 665 2064 τοὺς
682 1981 830 2071 μαστούς
850 1985 1047 2071 ἐπίσχουσα,
1069 1982 1153 2069 χαλκᾶ

153 2091 322 2178 ποιήματα
350 2095 493 2170 παλαιᾶς
520 2093 684 2179 ἐργασίας.
734 2082 778 2177 ἦν
806 2089 845 2158 δέ
872 2087 910 2158 τὸ
943 2096 1072 2178 χωρίον
1100 2091 1153 2156 τῶν

155 2195 220 2266 σύν
243 2196 411 2287 Εὐάνδρῳ
438 2196 517 2266 ποτδ
545 2197 747 2266 οἰκισάντων
775 2194 857 2265 αὐτὸ
879 2195 1055 2286 Ἀρκάδωυ
1079 2193 1155 2283 ἱερὸν

114 2319 134 2384 9
155 2301 200 2384 ῶς
221 2306 372 2391 λέγεται.
402 2301 447 2384 ὡς
470 2303 508 2372 δδ
527 2302 649 2391 ἀπέστη
673 2302 711 2372 τὸ
734 2309 861 2391 θηρίον
882 2311 1046 2392 αἴρουσιν
1064 2307 1099 2370 οί
1113 2326 1155 2370 νο-

114 2444 141 2484 ιο
155 2419 227 2499 μείς
248 2412 289 2480 τδι
313 2413 422 2498 βρέφη
447 2408 600 2496 σπονδὴν
623 2409 823 2496 ποιούμενοι
845 2410 982 2497 τρέφειν
1005 2407 1053 2490 ῶς
1074 2411 1180 2477 θεῶνιο

153 2515 237 2586 αύτδι
262 2517 428 2600 σώζεσθαι
446 2517 675 2604 βουλομένων.
711 2507 755 2603 ἦν
775 2517 815 2586 δέ
829 2541 880 2595 τις
903 2517 940 2583 ἐν
958 2513 1078 2596 αὐτοῖς
1094 2535 1158 2584 συο-

153 2629 308 2712 φορβίων
353 2628 538 2711 βασιλικῶν
583 2621 844 2712 ἐπιμελούμενος
892 2620 1042 2710 ἐπιεικὴς
1087 2620 1160 2706 ἀνὴρ

157 2729 345 2810 Φαιστύλος
368 2729 492 2819 όνομα,
521 2727 559 2811 ὃς
585 2731 623 2798 ἐν
651 2732 692 2818 τῇ
714 2728 810 2798 πόλει
831 2726 916 2796 κατὰ
946 2727 989 2816 δή
1013 2755 1048 2798 τι
1071 2725 1161 2811 ἀναγ-

153 2849 252 2905 καίον
280 2836 428 2924 ἐγεγόνει
455 2833 534 2904 καθ’
562 2833 603 2905 δν
636 2834 763 2924 χρόνον
790 2831 810 2921 ἡ
838 2833 955 2922 φθορὰ
983 2839 1047 2922 τῆς
1076 2832 1163 2909 Ἰλίας

113 2971 139 3013 ετ
152 2943 209 3010 καλ
229 2939 247 3010 ὁ
266 2941 364 3023 τόκος
381 2941 548 3031 ἠλέγχετο,
567 2943 623 3012 καλ
641 2937 723 3029 μετά
741 2943 846 3008 ταῦτα
864 2943 1096 3029 κομιζομένων
1120 2939 1163 3008 ἐπὶ

153 3047 214 3117 τὸν
241 3047 392 3137 ποταμὸν
419 3053 487 3118 τῶν
515 3052 651 3137 βρεφῶν
679 3062 749 3126 τοῖς
776 3049 941 3135 φέρουσιν
970 3046 1059 3116 αὐτὰ
1091 3044 1164 3115 κατὰ

54 3253 83 3302 ⁶
225 3279 452 3351 1τιεριέποοσαν
480 3277 601 3350 Sylburg
628 3277 810 3349 περισπῶσαν
833 3278 855 3332 Ο
940 3285 956 3333 ’ί
985 3279 1037 3334 καλ
1067 3295 1121 3334 om.
1147 3277 1165 3328 B

154 3357 188 3406 16
208 3347 404 3420 έπιοχοῶσαΒ
429 3352 433 3418 Ι
457 3347 606 3436 χάλιιεαΟ
690 3355 723 3405 18
742 3345 960 3418 οίιιησάντωνΟ
1040 3356 1079 3404 20
1099 3341 1166 3404 αὐτὰ

154 3417 325 3546 ιχδςέθεῶνΒΒ
376 3428 410 3476 21
426 3422 569 3486 σωζεσθαι
586 3421 767 3491 βουλομένων
781 3437 836 3476 om.
851 3421 873 3475 Β
937 3425 971 3475 2⁵
990 3415 1130 3492 ἠλέγχετο
1147 3421 1168 3474 Α

170 3510 187 3559 γ
205 3510 269 3546 νετο
