2396 3918
457 199 626 278 ..A..¹

52 407 91 472 τρ
111 379 130 449 ό
149 409 183 450 τε
205 382 305 470 λόχος
326 379 503 452 άνὶσταται
529 384 585 452 καὶ
615 386 650 451 οἱ
676 383 861 470 φεύγοντες
887 380 1048 471 ὑποστρέ-

52 507 150 574 φουσι.
197 488 451 577 κυκλωσάμενοι
479 488 517 558 δέ
544 487 668 570 αὑτοὺς
694 491 751 558 καὶ
782 497 920 570 πολλοῖς
949 488 1049 577 άράτ-

52 621 150 675 ιοντες
170 601 282 676 λίθοις
305 595 539 684 λαμβάνουσιν
567 593 790 685 ὑποχειρίους.
835 596 960 682 ταύτην
984 593 1048 682 γάρ

52 699 127 788 εἱχον
158 703 193 772 ἐκ
224 707 294 772 τῶν
328 706 501 772 δεσποτῶν
537 701 599 790 τὴν
631 706 892 794 παρακέλευσιν,
926 705 1049 784 ζῶντας

51 808 147 890 αὑτοῖς
167 808 248 890 τοὺς
269 815 470 892 νεανίσκους
490 815 639 898 κομίσαι.
680 808 767 880 οὕτω
791 809 853 898 μὲν
873 808 915 896 δὴ
933 829 1076 897 χειρω-ε

50 913 144 996 θεὶς
129 944 147 985 ο
165 912 334 1004 Ρῶμος’
315 915 469 1004 απήχετο.

119 1043 250 1110 LXXX.
287 1039 345 1122 Ως
378 1040 416 1110 δὲ
452 1044 633 1130 Τουβέρων
665 1050 783 1122 Αἱλιος
818 1039 980 1121 δεινδς’
961 1038 1048 1172 ανὶχρ

54 1147 242 1237 καὶπερὶ
207 1176 270 1236 την
294 1147 499 1236 συναγωγὴν
525 1151 586 1236 τῆς
613 1150 762 1236 ἱστορίας
792 1147 947 1237 ἐπιμελὴς
968 1146 1049 1235 γρά-

50 1279 104 1341 φει,
127 1256 325 1343 προειδότες
353 1260 388 1325 οἱ
412 1261 475 1325 τοῦ
502 1257 695 1344 Νεμέτορος
721 1254 894 1336 θύσοντας
915 1253 956 1324 τά
980 1253 1048 1324 Λά-

47 1387 108 1428 καια
135 1361 218 1444 τοὺς
249 1368 451 1444 νεανίσκους
481 1367 527 1456 τῷ
558 1363 652 1431 Πανὶ
683 1360 746 1449 τὴν
770 1360 969 1451 Ἀρκαδικὴν
1004 1358 1049 1441 ὡς
1063 1381 1089 1420 1⁰

45 1466 211 1558 Εὔανδρος
236 1469 460 1558 κατεστήσατο
488 1474 618 1538 θυσίαν
651 1468 860 1556 ἐνήδρευσαν
889 1468 951 1538 τδν
977 1495 1048 1536 και-

44 1572 94 1660 ρδν
123 1579 257 1645 ἐκεῖνον
288 1581 348 1664 τῆς
379 1580 585 1664 ἱερουργίας,
615 1572 716 1663 ἡνίκα
747 1579 832 1665 χρῆν
862 1575 942 1656 τοὺς
972 1574 1048 1661 περὶ

41 1680 71 1748 τὸ
90 1683 309 1753 Παλλάντιον
334 1685 512 1762 οἰκοῦντας
538 1685 607 1751 τῶν
634 1684 724 1751 νέων
752 1684 787 1750 έκ
810 1686 871 1750 τοὺ
895 1686 1048 1750 Λυκαίου

40 1789 215 1873 τεθυκότας
250 1797 444 1877 περιελθεῖν
482 1787 601 1881 δρόμῳ
638 1787 701 1875 τὴν
744 1787 861 1876 κόμην
898 1784 1048 1877 νυμνοὺς

40 1892 285 1985 ὑπεζωσμένους
306 1894 369 1984 τὴν
400 1899 485 1964 αἱδοῖ
519 1909 591 1976 ταῖς
619 1898 737 1984 δοραῖς
762 1899 832 1964 τῶν
859 1895 1047 1963 νεοθύτων.
1062 1910 1087 1950 1⁵

38 2005 125 2072 τοῦτο
149 2004 191 2072 δὲ
213 2002 394 2092 καθαρμόν
417 2027 494 2070 τινα
523 2006 592 2070 τῶν
614 2005 779 2088 κωμητῶν
806 2001 949 2089 πάτριον
973 1999 1047 2070 έδὺ·

38 2136 118 2197 νατο,
142 2109 191 2192 ὡς
213 2111 271 2179 καὶ
289 2115 356 2178 νῦν
380 2115 427 2179 ἔτι
451 2112 580 2200 δρᾶται.
623 2111 659 2177 έν
684 2106 726 2195 δὴ
744 2108 852 2200 τούτῳ
870 2112 916 2200 τῷ
935 2107 1046 2199 χρόνω
1066 2108 1087 2171 2

7 2215 104 2298 δὶιοὺς
136 2215 332 2305 ἱεροποιοὺς
364 2221 565 2295 νεανίσκους
593 2217 629 2282 οἱ
652 2214 813 2302 βουκόλοι
845 2214 1048 2301 λοχήσαντες

37 2322 106 2392 κατά
139 2323 180 2394 τὸ
216 2323 424 2411 στενόπορον
456 2326 515 2408 τῆς
548 2319 650 2408 ὁδοῦ,
688 2320 802 2408 ἐπειδὴ
838 2319 876 2390 τὸ
913 2324 1047 2407 πρῶτον

36 2430 132 2518 τάγμα
166 2429 207 2500 τὸ
237 2428 302 2498 σὺν
334 2434 379 2523 τῷ
407 2427 522 2520 Ῥώμῳ
551 2426 622 2496 κατ’
649 2426 772 2508 αὑτοὺς
804 2429 946 2514 ἐγένετο,
978 2428 1047 2494 τῶν
1061 2460 1087 2500 εο

38 2533 112 2623 ἀμφὶ
131 2537 309 2626 Ῥωμύλον
327 2536 437 2605 τεκαὶ
455 2533 569 2604 άλλων
586 2532 829 2623 ὑστεριζόντων
854 2536 964 2624 (τριχῇ
983 2531 1047 2620 γάρ

38 2645 232 2732 ἐνενέμηντο
251 2643 308 2711 καὶ
331 2644 367 2711 ἐκ
392 2641 615 2730 διαστήματος
638 2642 753 2730 ἔθεον)
773 2639 815 2710 οὑ
837 2644 1047 2729 περιμείναν-

39 2774 81 2829 τες
104 2749 187 2830 τοὺς
213 2747 355 2829 λοιποὺς
382 2746 532 2839 ὁρμῶσιν
561 2749 614 2817 ε’πὶ
640 2748 720 2828 τοὺς
746 2745 900 2835 πρώτους
928 2745 1048 2835 ἐμβοή-

38 2875 147 2938 σαντες
171 2854 298 2946 άθρόοι
320 2856 376 2924 καὶ
402 2855 617 2942 περιστάντες
645 2859 788 2942 ἔβαλλον
812 2857 848 2923 οἱ
864 2854 926 2943 μὲν
949 2851 1047 2921 άκον-

37 2967 121 3050 τὶοις,
147 2967 185 3033 οἱ
206 2962 245 3032 δὲ
267 2968 391 3049 λίθοις,
415 2965 451 3032 οἱ
472 2960 504 3030 δ’
526 2960 572 3042 ὡς
590 2964 727 3030 ἕκαστοί
745 2986 777 3029 τι
797 2960 853 3030 διά
869 2961 981 3049 χειρὸς
1004 2958 1048 3029 εἱ-
1061 2992 1088 3033 ει

99 3219 115 3267 6
136 3208 232 3283 όάμος
249 3213 275 3267 Δ
293 3209 429 3295 ρ<ὦ>μος
442 3212 490 3267 Bb
504 3208 541 3294 δέ
543 3212 647 3280 μοςΒο
666 3211 786 3282 posthac
805 3212 934 3266 codicum
949 3210 1048 3266 lectio

37 3297 78 3335 nee
107 3283 304 3353 discrepantes
335 3283 419 3338 huius
451 3299 526 3339 τοοιε
553 3299 609 3337 non
636 3282 741 3338 notabo
828 3289 862 3337 12
886 3278 997 3370 *ἐχρῆν
1024 3280 1047 3336 Ο

67 3359 97 3407 13
116 3373 176 3408 των
194 3354 306 3426 νομέων
324 3372 347 3410 ο
367 3354 504 3410 Bflcheler
559 3359 665 3409 14-16
683 3348 1048 3441 τεθυκότας-ὑπεζωσμέ-

37 3439 95 3486 κους
114 3441 171 3480 om.
181 3375 248 3496 Aa,
252 3426 318 3482 add.
332 3426 424 3497 Amg.
479 3431 513 3480 19
527 3444 559 3480 το
574 3443 596 3478 π
614 3425 723 3480 ῶτονΒ
740 3421 773 3480 τδ
788 3441 842 3480 om
857 3426 882 3479 R
936 3431 971 3480 20
985 3443 1039 3480 κατ

38 3488 139 3558 αότοὺς
160 3469 273 3566 ἐγένετο
293 3514 348 3553 om.
367 3497 390 3551 B
463 3502 496 3551 21
516 3496 572 3551 τῶν
591 3500 683 3551 αλλων
703 3513 725 3552 α
744 3495 888 3564 Kiessling
