2396 3918
571 205 735 258 -A-

142 361 205 450 τῆν
229 361 371 450 ἀπάτην,
396 362 511 452 ἐπειδὴ
535 362 786 450 κατεσκευάσθη
814 360 852 431 τὸ
876 375 983 450 τεῖχος
1004 365 1137 450 φλαῦρον

143 467 315 553 ἀποδείξαι
343 469 380 538 τδ
410 476 516 560 ἔρυμα
544 469 771 559 βουλόμενον,
796 467 895 538 Ἀλλά
921 468 1021 537 τοῦτό
1043 465 1085 555 γ’,
1105 473 1138 537 εί-

142 589 234 664 πεῑν,
268 575 310 646 ού
342 581 492 666 χαλεπῶς
523 575 566 646 ἀν
596 604 647 658 τις
681 575 762 665 ὑμίν
794 573 959 665 ὑπερβαίη
991 577 1138 664 πολέμιος,

143 681 253 773 ῶσπερ
281 682 365 772 έγεό·
401 685 457 752 καλ
490 682 608 754 αύτίκα
642 682 888 773 ὑπεραλέσθαι·
924 683 1085 772 Κελέριον
1112 682 1141 749 δέ

102 820 115 862 ε
142 817 220 860 τινα
241 795 310 860 τῶν
334 791 581 878 ἐπιβεβηκότων
604 795 666 859 τοὺ
688 795 833 878 τείχους,
858 786 895 870 ὃς
917 783 961 878 ῆν
985 787 1141 874 έπιστάιης
1189 855 1190 858 ,

141 901 212 967 τῶν
235 903 355 986 ἔργων,
375 895 473 967 Ἀλλδι
492 897 616 967 τοῦτόν
634 925 672 984 γε
690 896 751 966 τὸν
768 897 930 985 πολέμιον
950 893 994 965 ού
1012 897 1142 983 χαλεπῶς
1189 973 1190 976 ¹

142 1003 186 1074 ἀν
200 1031 250 1085 τις
263 1003 360 1092 ῆμῶν
374 1003 551 1093 ἀμύναιτο,
563 1005 712 1092 εἰπόντα,
722 989 842 1092 πλῆξαι
856 1008 902 1097 τῷ
918 1009 1067 1096 σκαφείῳ
1076 1001 1142 1071 κατὰ

142 1117 201 1198 τῆς
223 1117 371 1199 κεφαλῆς
394 1113 451 1180 καὶ
474 1111 593 1183 αὐτίκα
617 1110 823 1182 ἀποκτείναι·
855 1109 893 1180 τὸ
916 1110 979 1199 μὲν
1002 1108 1045 1198 δῆ
1067 1112 1143 1188 τέλος

140 1222 201 1306 τῆς
222 1219 369 1300 στάσεως
395 1221 463 1288 τῶν
492 1217 652 1307 ἀδελφῶν
674 1222 808 1289 τοιοῦτο
837 1220 967 1305 λέγεται
990 1219 1145 1305 γενέσθαι.

102 1352 129 1394 ιο
227 1327 441 1394 LXXXVIII.
461 1323 551 1394 Ἐπεὶ
567 1326 604 1395 δέ
619 1323 724 1395 ούδδν
738 1331 786 1395 ἔτι
800 1319 843 1414 ῆν
859 1327 1016 1413 ἐμποδῶν
1031 1328 1076 1418 τῷ
1089 1328 1175 1392 πτόλει

143 1452 242 1520 σματι
260 1431 431 1521 προειπῶν
452 1430 470 1501 ό
489 1431 659 1521 Ῥωμύλος
673 1423 944 1522 <ῆμέραν>,.έυῆ
963 1430 1047 1513 τοὺς
1060 1429 1147 1510 θεοὺς

142 1537 349 1628 ἀρεσάμενος
372 1545 486 1626 έμελλε
508 1537 571 1627 τῆν
594 1538 702 1628 ἀρχὴν
719 1543 790 1609 τῶν
811 1545 920 1628 έργων
938 1538 1147 1627 ποιῆσασθαι,
1191 1587 1192 1618 5

141 1644 481 1735 παρασκευασάμενός
507 1671 544 1714 τε
577 1645 640 1714 ὅσα
672 1651 720 1727 είς
751 1651 876 1726 θυσίας
907 1647 963 1714 καὶ
991 1643 1149 1734 ὑποδοχὰς
1191 1696 1192 1730 ,

142 1755 205 1820 τοὺ
227 1751 291 1820 λεῶ
315 1759 486 1840 χρησίμως
508 1753 594 1834 ἕξειν
616 1759 762 1841 ἔμελλεν,
781 1751 827 1833 ῶς
849 1743 930 1840 ῆκεν
951 1750 969 1821 ὁ
989 1759 1149 1840 συγκείμε-

102 1884 128 1926 ιι
142 1885 202 1938 νος
228 1857 351 1948 χρόνος
377 1857 479 1940 αύτός
505 1886 541 1928 τε
569 1858 746 1948 προθύσας
772 1873 843 1941 τοϊς
857 1899 858 1902 ¹
872 1869 967 1941 θεοῖς
994 1862 1055 1928 καὶ
1085 1857 1151 1938 τοὺς
1191 1923 1192 1932 ,

142 1962 266 2044 ἀλλους
292 1963 451 2046 κελεύσας
482 1964 566 2034 κατὰ
599 1965 748 2054 δύναμιν
774 1964 812 2034 τὸ
841 1962 924 2034 αὐτὸ
953 1969 1044 2054 δράν
1073 1965 1151 2054 όρνι-
1191 2021 1192 2028 ,

141 2081 207 2152 θος
226 2071 287 2159 μὲν
303 2076 437 2156 πρῶτον
456 2077 589 2154 αίσίους
607 2073 786 2160 λαμβάνει·
809 2070 889 2160 μετὰ
909 2071 947 2140 δὲ
959 2077 1066 2143 τοῦτο
1085 2099 1153 2160 πυρ-
1191 2125 1192 2144 1

140 2177 238 2258 καίάς
259 2177 324 2307 πρὸ
347 2183 415 2247 τῶν
439 2183 575 2266 σκηνῶν
597 2181 758 2266 γενέσθαι
782 2179 942 2259 κελεύσας
964 2179 1130 2267 ἐξάγει
1101 2206 1153 2248 τον
1191 2232 1192 2268 ,

141 2284 228 2354 λεῶν
255 2283 315 2364 τάς
342 2285 471 2388 φλόγας
498 2283 786 2374 ὑπερθρώσκοντα
813 2289 872 2373 τῆς
900 2283 1073 2368 ὁσιῶσεως
1095 2291 1155 2356 τῶν
1191 2339 1192 2374 3

101 2419 128 2461 εο
141 2391 339 2480 μιασμάτων
363 2393 468 2460 ένεκα.
514 2394 583 2460 ἐπεὶ
608 2392 647 2461 δὲ
669 2396 749 2480 πῶν,
768 2390 853 2461 ὅσον
876 2383 919 2479 ῆν
939 2394 976 2461 έκ
994 2395 1156 2482 λογισμοῦ

101 2508 236 2579 2θεοῖς
263 2505 430 2590 φίλον,
419 2497 501 2566 ἀετο
534 2504 725 2588 πεπρᾶχθαι
757 2499 899 2579 καλέσας
931 2497 1085 2581 ἅπαντας
1116 2504 1157 2578 είς

140 2602 201 2673 τδν
224 2565 470 2690 ἀποδειχθέντα
487 2605 592 2674 τόπον
615 2607 814 2695 περιγράφει
841 2605 1058 2694 τετράγωνον
1084 2610 1155 2695 σχῆ-

141 2737 186 2796 μα
213 2713 258 2801 τῷ
286 2709 397 2800 λόφῳ,
425 2710 506 2796 βοὸς
538 2709 680 2798 ἀρρενος
707 2710 776 2800 ἅμα
806 2718 930 2804 θηλείᾳ
961 2715 1159 2800 ζευχθέντος

139 2813 198 2884 ὑπ’
224 2814 370 2905 ἀροτρον
395 2816 535 2898 ἑλκύσας
558 2817 688 2888 αὔλακα
716 2823 853 2908 διηνεκῆ
880 2819 943 2907 τῆν
966 2822 1159 2908 μέλλουσαν

100 2951 126 2994 ετ
139 2919 363 3004 ὑποδέξεσθαι
385 2922 424 2991 τὸ
448 2937 568 3013 τεῖχος·
592 2926 625 3007 ἐξ
650 2917 692 2994 οὑ
706 2923 882 3014 Ῥωμαίοις
899 2925 936 2994 τὸ
958 2931 1040 3007 ἔθος
1059 2931 1158 2995 τούτο

213 3124 230 3172 4
248 3114 546 3190 υπεραλλεσθαιΑ
532 3140 604 3188 υπερ
606 3116 735 3176 άλασθαι
758 3121 884 3178 Cobetl.
898 3122 918 3178 1.
993 3129 1009 3177 9
1029 3142 1120 3177 τουτο
1138 3120 1161 3174 A

143 3196 176 3245 10
196 3187 260 3245 έπελ
278 3188 311 3246 δὲ
330 3191 473 3260 Kiessling
501 3141 604 3262 έπειδῆ
627 3190 659 3248 δὲ
682 3194 707 3247 Α
737 3188 800 3248 έπελ
819 3189 854 3262 δῆ
874 3194 897 3247 Β
919 3193 924 3260 1
948 3190 1004 3264 ἔτι]
1023 3194 1162 3248 αἴτιουΒ

178 3266 211 3316 11
231 3258 342 3333 ἡμέραν
370 3261 434 3316 εδδ.
464 3262 567 3318 Reiske
649 3270 683 3318 12
706 3259 880 3333 ποιήσεσθαι
903 3263 1045 3333 Ηοτλλείο,
1072 3264 1163 3318 Cobet

142 3329 211 3387 146
236 3329 461 3420 συγκείμενος
444 3355 482 3396 ως
504 3325 557 3402 ῆκε
581 3335 604 3388 Β
687 3340 720 3390 16
745 3285 865 3398 καλέσας
888 3336 911 3389 Β
995 3342 1028 3390 17
1039 3306 1163 3396 αἰσίους

141 3401 326 3490 Kiessling’
309 3399 413 3466 αετοὺς
437 3404 459 3459 0
542 3410 575 3459 19
600 3401 652 3458 λεῶ
677 3404 702 3458 Δ
783 3413 817 3460 23
842 3401 890 3461 διά
916 3402 984 3478 βοός
1008 3423 1030 3463 ο,
1052 3407 1166 3462 Βείελτε

143 3477 177 3524 25
196 3469 394 3538 ὑποδέξασθαι
413 3472 436 3528 Ο
