2404 3918
465 222 632 272 ..Γ-

34 404 109 446 των
136 380 206 446 τάν
235 379 352 466 ίερέων
380 375 564 466 ἡγεμονίαν
594 383 738 465 ἔχοντος.
783 374 1097 466 άνακτησάμενοςὸ

37 484 77 552 δέ
112 482 152 553 τά
183 487 510 576 κατερρᾳθυμημένα
541 489 610 554 τάν
643 487 744 572 ἱεράν
775 486 832 553 καὶ
858 482 920 554 τὸν
950 482 1057 572 άργὸν

37 591 144 680 ὄχλον
174 593 228 662 ἐπὶ
254 591 313 672 τὰς
341 594 431 671 ίδίας
458 593 615 679 ἐργασίας
637 589 835 671 ἀποστείλας
858 589 972 680 ἐπῄνει
996 591 1057 678 μὲν

37 699 119 780 τοὺς
153 701 318 787 ἐπιμελεῖς
349 698 534 788 γεωργούς,
570 699 733 787 ἐμέμφετο
767 697 805 767 δὲ
839 696 919 778 τούς
950 702 1058 778 κακῶς

37 809 308 896 προισταμένους
327 810 396 876 τῶν
420 809 520 876 ίδίων
540 805 754 897 [κτημάτων],
773 802 819 886 ὡς
841 802 882 874 ού
901 809 1084 892 βεβαίονςτ

39 920 188 994 πολίτας.

131 1022 299 1090 XXXVII.
322 1024 433 1092 Ταῦτα
445 1019 695 1108 καθιστάμενος
708 1017 748 1087 τά
761 1017 985 1106 πολιτεύματα
1002 1020 1058 1088 καὶ

45 1126 129 1214 [διὰ]
142 1125 268 1208 παντὸς
286 1125 430 1215 μάλιστα
449 1127 584 1208 ἐλπίσας
598 1125 683 1195 άνευ
703 1128 853 1214 πολέμου
870 1126 928 1196 καὶ
945 1130 1059 1195 κακῶν

46 1234 174 1305 ἅπαντα
200 1232 261 1304 τὸν
289 1239 368 1321 βίον
396 1234 616 1321 διατελέσειν,
645 1231 756 1323 ὥσπερ
784 1231 801 1303 ὁ
826 1231 1058 1323 μητροπάτωρ,

52 1338 110 1408 οὐκ
140 1330 236 1429 ἔσχεν
269 1338 391 1429 ὁμοίαν
423 1345 464 1431 τῇ
500 1344 694 1430 προαιρέσει
727 1338 789 1427 τήν
820 1340 941 1427 τύχην,
973 1337 1058 1408 άλλδι
1074 1366 1100 1405 ιο

48 1445 134 1534 παρὰ
156 1445 217 1535 τήν
242 1449 364 1518 ἑαυτοῦ
392 1446 532 1537 γνάμηυ
560 1445 760 1536 πολεμιστής
784 1443 984 1535 ἠναγκάσθη
1007 1472 1059 1534 γε-

46 1556 168 1622 νέσθαι
186 1554 243 1622 καὶ
261 1557 391 1643 μηδένα
409 1552 536 1643 χρόνον
554 1552 639 1624 ἄνευ
656 1552 824 1623 κινδύνου
841 1554 899 1622 καὶ
915 1557 1061 1641 ταραχῆς

45 1663 176 1746 βιῶσαι.
222 1658 328 1741 εὐθὺς
350 1659 414 1750 γάρ
438 1658 507 1749 ἅμα
528 1665 575 1753 τῷ
599 1669 783 1751 παρελθεῖν
802 1658 908 1730 αὐτὸν
927 1661 980 1730 ἐπὶ
997 1658 1100 1748 τήν2

45 1763 231 1855 ἡγεμονίαν
254 1768 313 1836 καί
334 1766 397 1855 τήν
412 1765 620 1856 ἀπράγμονα
642 1772 871 1836 καθίστασθαι
889 1772 1060 1836 πολιτείαν
1140 1849 1142 1857 Α

45 1873 362 1964 καταφρονήσαντες
395 1873 502 1944 αὐτοῦ
530 1881 672 1945 Λατῖνοι
701 1874 757 1944 καί
784 1879 985 1962 νομίσαντες
1013 1870 1058 1942 δι’
1076 1890 1102 1931 1⁵

46 1980 237 2072 ἀνανδρίαν
274 1979 336 2069 οὐχ
372 1979 491 2050 ίκανὸν
528 1979 616 2050 είναι
634 1981 818 2069 ’πολέμους
853 1992 1061 2067 στρατηγεῖν,

47 2087 210 2178 ληστήρια
239 2085 422 2175 διέπεμπον
449 2093 497 2168 είς
527 2087 590 2175 τήν
623 2085 817 2176 ὁμοροῦσαν
845 2082 960 2166 αὐτοῖς
989 2087 1062 2154 ἔκα-

48 2217 120 2266 στοι
153 2194 282 2284 χάραν,
313 2191 373 2282 ὑφ’
405 2186 454 2264 ὧν
485 2196 606 2265 πολλοὶ
637 2192 811 2282 Ῥωμαίων
849 2192 1061 2280 ἐβλάπτοντο.

49 2300 266 2391 ἀφικομένων
290 2301 328 2371 δέ
346 2299 435 2390 παρὰ
453 2305 516 2370 τοῦ
533 2303 697 2388 βασιλέως
715 2303 929 2390 πρεσβευτῶν
947 2297 1062 2368 καὶτὰ
1082 2297 1102 2361 3

10 2414 167 2478 ὅδῙδίκαια
184 2407 361 2496 Ῥωμαίοις
378 2407 566 2492 άξιούντων
589 2396 725 2496 ὑπέχειν
747 2406 830 2476 κατὰ
853 2404 911 2487 τάς
932 2405 1063 2492 συνθή-
1077 2420 1104 2461 2⁰

49 2543 120 2602 κας,
144 2515 221 2586 οὔτε
239 2515 418 2604 γινάσκειν
437 2516 640 2605 ἐσκήπτοντο
658 2520 727 2584 τῶν
746 2513 880 2603 περὶτὰ
901 2511 1063 2603 ληστήρια

50 2627 352 2714 κατηγορουμένων
383 2621 485 2693 οὐδὲν
521 2621 566 2704 ὡς
596 2620 637 2691 ού
660 2620 749 2710 ’μετά
781 2625 898 2708 κοινῆς
928 2618 1065 2708 γνάμης

51 2730 241 2818 γεγονότων
270 2729 348 2800 οὔτε
375 2727 533 2799 ὑπόδικοι
562 2730 768 2816 <γενέσθαι>
791 2725 966 2815 Ῥωμαίοις
989 2727 1065 2813 περὶ

52 2835 195 2918 οὐθενὸς
216 2835 422 2926 πράγματος·
450 2833 531 2904 ούδέ
554 2834 619 2924 γάρ
642 2833 727 2924 πρὸς
754 2836 902 2914 ἐκείνους
924 2832 1063 2921 ποιήσα-

52 2952 133 3012 σθαι
157 2943 214 3024 τὰς
232 2943 417 3032 συνθήκας,
441 2940 526 3011 άλλδι
543 2941 628 3032 πρὸς
645 2941 787 3028 Τύλλον,
806 2939 1065 3028 τελευτήσαντος
1079 2959 1105 3001 2⁶

125 3136 579 3225 1λεὲωκο.8γ1ὁιπγίερύνο
635 3132 814 3207 δκτημάτων
833 3136 925 3191 om.B
980 3131 1065 3191 8διά

57 3209 159 3266 delevit
175 3160 317 3280 Xiessling
332 3217 336 3277 Ι
353 3205 388 3279 δή
408 3229 536 3272 απαντος
548 3209 650 3266 Reiske
666 3207 672 3282 Ι
687 3209 822 3277 πολεμίων
836 3207 859 3262 Β
915 3213 948 3263 10
964 3201 1067 3277 ὁμοίαν

58 3274 139 3350 αύτήι
156 3284 182 3336 Α
247 3289 280 3338 16
298 3281 439 3352 πολέμους
458 3281 581 3338 Sintenis
594 3281 655 3336 Em.
670 3281 752 3336 Dion.
767 3279 808 3334 III
825 3297 852 3348 p.
867 3284 883 3333 3
902 3276 1027 3348 πολέμου
1044 3277 1066 3333 0

58 3356 167 3408 21-25
193 3355 282 3410 verba
304 3349 370 3408 οὔτε
394 3347 649 3422 γινώσκειν-τάς
672 3347 820 3420 συνθήκας
842 3367 896 3405 om.
920 3349 978 3418 Ba,
1002 3349 1067 3404 add.

59 3422 136 3494 Bmg
207 3431 242 3480 23
261 3425 399 3495 γενέσθαι
418 3424 481 3480 εδδ.
500 3424 651 3492 Biioheler,
678 3420 752 3478 εἶναι
771 3419 906 3491 Sylbnrg,
929 3419 1068 3492 γενέσθαι

62 3490 167 3561 ἔφασαν
185 3496 274 3553 Cobet
294 3495 357 3552 Obs.
377 3514 405 3566 p.
424 3502 457 3552 69
