2408 3928
139 220 207 286 234
563 221 730 276 -Β-

138 381 244 450 πέδου
268 380 374 470 ζόφου
395 381 673 468 κατασκήψαντος
697 383 731 464 ἐξ
755 387 896 470 αἰθρίας
918 381 976 450 καὶ
1001 387 1156 468 χειμῶνος

139 489 288 578 μεγάλου
319 489 587 577 καταρραγέντος
618 487 734 576 ἀφανῆ
772 491 940 576 γενέσθαι
976 488 1033 556 καὶ
1073 511 1156 555 πεπι-

139 595 318 664 στεύκασιν
340 592 406 664 ὑπὸ
428 597 491 664 τοῦ
509 592 635 680 πατρὸς
647 593 768 683 ’Ἁρεος
789 593 852 665 τὸν
875 593 990 684 ἀνδρα
1014 591 1155 682 ἀνηρπά-

99 703 121 769 3
141 710 237 770 σθαι·
261 705 297 770 oc
314 701 351 770 δὲ
367 699 410 770 τά
427 701 647 790 πιθανώτερα
664 702 856 792 γράφοντες
869 700 957 790 πρὸς
973 706 1045 772 τῶν
1066 705 1155 770 ίδίων

99 835 112 876 ι
138 810 285 878 πολιτῶν
318 809 478 894 λέγουσιν
510 807 617 878 αὐτὸν
648 807 850 878 ἀποθανεῖν.
897 813 1012 878 αἰτίαν
1041 807 1082 876 δὲ.
1107 813 1155 895 της

138 913 343 1003 ἀναιρέσεως
370 913 474 984 αὐτοῦ
503 917 647 1003 φέρουσι
674 915 739 1004 τήν
765 942 801 986 τε
829 915 956 1003 ἄφεσιν
983 919 1055 984 τών
1084 913 1155 1004 ὁμη-

140 1047 228 1108 ρων,
265 1017 326 1101 οὓς
360 1020 450 1108 παρὰ
488 1019 706 1091 Οὐιεντανῶν
748 1028 886 1110 ἔλαβεν,
922 1021 1028 1092 ἀνευ
1046 1025 1155 1108 κοινῆς

139 1127 275 1216 γνώμης
297 1129 486 1215 γενομένην
504 1127 594 1217 παρά
616 1127 655 1198 τὸ
675 1129 811 1215 εἰωθός,
833 1130 890 1199 καὶ
909 1128 949 1199 τὸ
968 1131 1086 1218 μηκέτι
1104 1127 1155 1198 τὸν

139 1231 244 1304 αὐτὸν
272 1237 525 1325 προσφέρεσθαι
552 1235 681 1323 τρόπον
707 1250 781 1317 τοῖς
807 1233 1044 1325 ἀρχαιοτάτοις
1070 1241 1155 1304 πολί

100 1369 127 1409 ιο
139 1367 213 1421 ταις
239 1343 295 1410 καὶ
321 1357 392 1422 τοῖς
417 1341 666 1431 προσγράφοις,
698 1340 785 1412 ἀλλά
814 1341 895 1424 τοὺς
927 1343 990 1432 μὲν
1019 1347 1058 1412 έν
1085 1345 1155 1431 τιμῇ

139 1453 271 1518 πλείονι
301 1446 413 1535 ἄγειν,
439 1453 509 1518 τῶν
538 1447 570 1516 δ’
601 1450 873 1536 ἐπεισαχθέντων
899 1447 1089 1539 ὑπερορᾶν,
1118 1447 1185 1516 τόθι

139 1583 174 1624 τε
197 1553 292 1644 ἀμὸν
320 1552 424 1624 αὐτοῦ
452 1554 490 1624 τὸ
519 1557 596 1645 περὶ
618 1555 678 1636 τάς
701 1563 865 1645 τιμωρίας
886 1561 957 1626 τών
981 1559 1154 1645 ἐξαμαρτα-

139 1663 272 1731 νόντων
289 1663 357 1746 [καὶ
371 1661 547 1748 αὕθαδες],
562 1660 753 1752 (Ῥωμαίων
767 1663 833 1753 γάρ
846 1691 943 1744 τινας
957 1665 1012 1732 ἐπὶ
1026 1668 1155 1752 ληστείη

139 1772 208 1836 τών
236 1767 479 1857 πλησιοχώρων
506 1772 802 1858 κατηγορηθέντας
829 1767 908 1839 οὔτε
936 1768 1081 1856 ἀφανεῖς
1103 1768 1154 1837 ἀν-

100 1899 127 1940 15
141 1878 224 1962 δρας
247 1875 324 1945 οὔτε
347 1875 484 1963 ὀλίγους
507 1876 679 1945 ἐκέλευσεν
704 1868 789 1946 ώσαι
816 1875 901 1946 κατὰ
922 1881 985 1945 τοῦ
1008 1878 1154 1966 κρημνοῦ

139 1980 202 2069 τὴν
227 1986 325 2070 δίκην
349 1979 450 2062 αὐτὸς
468 1981 575 2070 μόνος
592 1980 747 2072 δικάσας)
762 1982 906 2070 μάλιστα
927 1983 965 2052 δὲ
985 1981 1038 2052 ὅτι
1057 1981 1154 2073 βαρὺς

140 2087 206 2176 ἤδη
230 2089 286 2157 καὶ
309 2085 464 2174 αὐθάδης
491 2085 580 2157 εἶναι
609 2087 719 2180 ἐδόκει
745 2091 803 2157 καὶ
829 2087 893 2176 τὴν
916 2087 1026 2177 ἀρχὴν
1052 2087 1152 2158 ω’νκέτι

101 2195 320 2284 4βασιλικο5ς
342 2193 428 2263 ἀλλά
450 2194 742 2283 τυραννικώτερον
770 2195 912 2282 ἐξάγειν.
959 2198 1018 2264 διὰ
1040 2195 1154 2274 ταύτας

141 2302 184 2391 δὴ
212 2306 350 2391 λέγουσι
376 2300 438 2396 τάς
462 2307 571 2382 αίτίας
597 2300 786 2382 συστάντας
808 2300 859 2370 ἐπ’
885 2299 976 2394 αὐτῷ
1001 2301 1082 2383 τοὺς
1103 2327 1152 2370 πα·

101 2435 129 2476 ω
140 2417 289 2500 τρικίονς
311 2412 493 2495 βουλεῦσαι
512 2407 573 2478 τὸν
591 2407 715 2496 φόνον,
738 2411 861 2497 πράξαι
880 2409 919 2478 δέ
936 2409 975 2478 τὸ
1002 2414 1102 2497 ἔργον
1121 2411 1152 2476 έν

139 2523 187 2610 τῷ
220 2522 449 2608 βουλευτηρίῳ
482 2516 538 2584 καὶ
567 2515 742 2596 διελόντας
767 2514 806 2585 τὸ
838 2519 934 2603 σῶμα
964 2513 1051 2585 κατά
1078 2517 1151 2604 μέρη

141 2625 241 2713 χάριν
265 2628 327 2694 τοῦ
351 2623 395 2712 μὴ
419 2626 571 2711 φανῆναι
594 2620 655 2690 τὸν
678 2620 801 2710 νεκρὸν
821 2623 973 2702 έξελθείν
996 2623 1151 2712 κρύπτον-

142 2759 201 2812 τας
232 2730 297 2801 ὑπὸ
330 2741 402 2812 ταῖς
433 2734 627 2818 περιβολαῖς
653 2726 738 2797 ὅσον
771 2731 908 2810 ἕκαστος
938 2726 1028 2816 εἶχεν
1058 2727 1151 2798 αὐτοῦ

102 2837 124 2902 5
144 2841 243 2927 μέρος
265 2839 321 2907 καὶ
344 2835 424 2926 μετὰ
447 2841 548 2906 τοῦτο
572 2839 615 2926 γῇ
632 2835 760 2926 κρύψαι
782 2834 867 2904 κατά
889 2836 927 2904 τὸ
951 2833 1088 2924 ἀφανές.
1125 2835 1152 2901 οί

102 2969 129 3010 ει
144 2945 176 3013 δ’
202 2943 458 3034 ἐκκλησιάζοντα
482 2941 544 3031 μὲν
567 2940 671 3011 αὐτόν
694 2961 801 3030 φασιν
823 2940 891 3011 ὑπὸ
914 2945 983 3012 τών
1008 2949 1150 3012 νεοπολι-

141 3057 210 3123 τών
238 3052 411 3142 Ῥωμαίων
447 3048 693 3138 ἀναιρεθῆναι,
726 3050 932 3142 ἐπιχειρῆσαι
970 3047 1003 3116 δ’
1039 3047 1149 3125 αὐτοὺς

144 3212 498 3341 ιωαωθλε
516 3217 568 3335 B*
591 3212 777 3364 άρτιικ
790 3207 1148 3348 τεθαλυῖαι

144 3351 338 3423 ἀρχαιοτέροις
357 3371 380 3408 ο.
394 3353 498 3407 Reiske
570 3356 604 3404 12
624 3369 656 3403 το
677 3367 730 3404 om.
746 3351 768 3403 Β
842 3356 875 3404 13
895 3351 945 3406 καί
959 3349 1089 3412 αὔθαδες
1101 3349 1146 3402 deL

144 3424 281 3546 Bffiehelelri
335 3430 369 3476 14
387 3419 693 3489 κατηγορηθέντοςΒα
748 3425 781 3474 16
801 3417 833 3474 δὲ
849 3439 903 3476 om.
918 3423 966 3476 Ba
1020 3413 1147 3487 24τάφα·

144 3511 193 3552 νες
211 3511 258 3546 ma
282 3511 309 3545 m
