2408 3928
454 211 617 264 —B-

50 366 244 456 ἀδικηθεῖσιν
268 367 422 457 ἀπάχειυ,
446 368 464 439 ό
489 369 526 440 δὲ
554 368 673 449 Τάτιος
695 372 763 438 τῶν
788 367 930 456 ἑταίρων
953 391 1044 456 περι-

51 476 189 564 εχόμενος
224 475 286 546 οὐκ
318 475 415 564 ἠξίου
433 476 516 566 ’πρὸ
559 480 654 564 δίκης
689 473 784 554 τινάς
819 471 875 542 ὑπ’
911 477 1044 562 ἐχθροῖν

50 581 174 668 ἀχεσθαι
200 584 257 652 καί
284 588 388 653 ταῦτα
415 589 552 663 πολίτας
580 582 681 664 όυτας
707 580 773 650 ὑπὸ
798 581 918 663 ξένων·
952 579 1044 648 δικά-

52 694 148 770 ζεσθαι
179 688 211 757 δ’
241 689 357 771 αάτοίς
390 693 520 760 έκέλευε
556 690 636 771 τοὺς
667 687 852 777 ἠδικῆσθαι
886 689 1045 776 λέγοντας

52 800 88 876 είς
102 793 225 884 Ῥώμην
253 795 491 886 ἀφικομένους.
542 801 577 866 οί
602 795 664 884 μὲν
693 794 736 882 δὴ
763 797 918 884 πρέσβεις
941 760 1085 890 οάδὲνῗ

53 899 206 990 εὑρόμενοι
230 909 298 974 τῶν
323 907 465 974 δικαίων
488 901 756 991 ἀγανακτοῦντες
779 900 941 992 ἀπῄεσαν,
967 899 1068 970 ἀκο-’

52 1009 262 1097 λουθήσαντες
285 1010 317 1078 δ’
343 1010 458 1092 αὐτοῖς
479 1016 548 1081 τῶν
563 1017 726 1098 Σαβίνων
744 1009 834 1089 τινὲς
851 1007 908 1078 ὑπ’
931 1007 1045 1097 ἀρχῆς,

20 1118 281 1204 κοίσκηνωμένοις
312 1116 401 1207 παρὰ
433 1117 495 1208 τὴν
533 1116 617 1188 ὁδόν
651 1118 788 1208 (ἑσπέρα
824 1114 889 1204 χάρ
922 1112 1045 1196 αὐτοὺς

54 1225 223 1314 κατέλαβεν)
248 1225 455 1294 ἐπιτίθενται
478 1224 688 1294 καθεύδουσι
705 1223 761 1292 καί
784 1221 878 1292 τότε
901 1219 1041 1311 χρήματ’
1127 1247 1156 1280 ιν

55 1327 153 1410 αάιοός
175 1328 401 1418 ἀφαιροῦνται
429 1332 485 1400 καί
514 1329 662 1412 ὁπόσους
692 1333 728 1400 ἐν
752 1343 823 1409 ταῖς
846 1335 972 1410 κοίταις
996 1335 1044 1398 ἔτι
1059 1353 1085 1394 10

52 1439 213 1524 κατέλαβον
241 1436 531 1526 ἀποσφάττουσιν,
564 1435 658 1518 ὅσοις
685 1437 723 1506 δὲ
750 1451 863 1524 ταχεία
894 1440 948 1523 τῆς
978 1437 1045 1504 ίπι-
1121 1451 1133 1477 ”

50 1547 155 1631 βουλῆς
186 1543 299 1614 αὐτῶν
331 1554 493 1632 αίσθχσις
521 1546 652 1631 ἐγένετο
681 1543 737 1612 καί
769 1547 830 1612 τοῦ
863 1547 1045 1630 διαφυγεῖν

51 1648 175 1738 δόναμις
198 1656 245 1731 είς
262 1650 325 1738 τὴν
348 1651 450 1720 πόλιν
470 1650 703 1738 ἀφικνοῦνται.
736 1648 816 1738 μετά
834 1653 934 1718 τοῦτο
956 1654 993 1716 ἔκ
1011 1675 1046 1718 τε

50 1761 221 1825 Λαουινίου
242 1760 398 1845 πρέσβεις
417 1755 618 1845 ἀφικόμενοι
640 1758 695 1825 καὶ
720 1758 753 1838 έξ
776 1754 889 1824 ἀλλων
912 1755 1046 1825 πόλεων

50 1867 166 1948 συχνῶν
185 1863 398 1952 κατηγόρουν
416 1868 476 1951 τῆς
493 1870 703 1953 παρανομίας
721 1863 777 1932 καί
796 1861 944 1950 πόλεμον
963 1888 1045 1951 παρ-
1060 1884 1086 1926 ιε

48 1967 194 2054 ἡχχελλον
217 1975 249 2038 εί
270 1968 315 2057 μὴ
337 1973 511 2054 τεύξονται
533 1975 592 2057 τῆς
615 1973 719 2057 δίκης.

121 2078 188 2144 LII.
207 2073 364 2168 Ῥωμύλῳ
385 2076 447 2164 μὲν
467 2068 530 2145 οὖν
555 2076 683 2162 δεινόν,
703 2073 814 2164 ὥσπερ
836 2067 890 2163 ἦν,
913 2075 950 2146 τό
970 2077 1046 2163 περὶ

49 2181 111 2263 ιοός
131 2181 335 2269 πρεσβευτὰς
357 2185 513 2269 ἐφαίνετο
533 2182 644 2264 πόθος
665 2185 722 2252 καὶ
742 2188 874 2270 ταχείας
896 2179 1046 2270 ἀφοσιω-

50 2306 116 2368 σεως
142 2288 323 2378 δεόμενον,
352 2286 397 2369 ὡς
425 2293 519 2379 ίεροῦ
546 2293 799 2380 καταλυομένου
826 2287 944 2376 νόμου.
989 2290 1046 2357 καί

50 2392 134 2464 οὐδὲν
166 2401 213 2466 ἔτι
246 2395 484 2483 διαμελλήσας,
517 2393 563 2477 ὡς
594 2394 685 2466 είδεν
723 2394 952 2484 ὀλιγωροῦντα
984 2393 1045 2464 τὸν
1059 2415 1086 2456 2⁰

52 2500 157 2572 Τίτιον
189 2499 291 2582 αὐτὸς
323 2505 489 2589 συνέλαβε
520 2501 599 2582 τοὺς
635 2501 775 2590 ἐνόχους
805 2505 851 2593 τῷ
883 2500 957 2588 ἀχει
990 2503 1046 2570 καί

51 2606 137 2693 δήσας
158 2613 331 2697 παρέδωκε
353 2624 424 2690 τοῖς
447 2617 664 2697 πρεσβευταῖς
682 2607 832 2696 ἀπάγειν.
878 2614 985 2700 Τατίῳ
1008 2609 1086 2678 δδ2

50 2714 143 2801 θυμός
164 2743 198 2785 τε
222 2719 404 2804 εἰσέρχεται
427 2720 486 2804 τῆς
508 2714 652 2804 ὕβρεως,
678 2711 722 2802 ἣν
745 2710 811 2782 ὑπό
835 2719 896 2783 τοῦ
921 2716 1046 2806 συνόρ-

51 2844 149 2903 χοντος
170 2821 285 2912 χ’τιᾶτο
309 2820 475 2911 ὑβρίσθαι
497 2820 579 2891 κατὰ
602 2821 664 2910 τὴν
687 2820 878 2907 παράδοσιν
898 2827 966 2891 τῶν
985 2821 1045 2891 ἀν-

52 2927 136 3014 δρῶν,
157 2927 211 2996 καί
236 2925 346 3009 οίκτος
367 2933 436 2997 τῶν
460 2927 682 3015 ἀποιχομένων
711 2920 768 3015 (ἦν
791 2925 855 3016 χάρ
883 2930 940 2997 καί
964 2950 1044 3017 συχ-
1058 2955 1085 2998 τι

52 3033 132 3120 χενής
160 3061 210 3114 τις
241 3033 347 3103 αὐτοῦ
378 3038 424 3126 τῷ
458 3033 532 3122 ἀχει
564 3035 693 3123 ἔνοχος)
725 3033 781 3101 καί
813 3031 933 3102 αὐτίκα
964 3035 1044 3117 τοὺς

53 3140 232 3226 στρατιώτας
264 3139 446 3229 ἀναλαβὼν
484 3140 621 3228 ἐβοήθει
658 3139 716 3209 διὰ
750 3139 873 3238 τάχους
905 3143 942 3208 έν
975 3138 1045 3234 ὁδῷ

109 3331 265 3408 θάχεσθαι
283 3337 330 3392 Bb
364 3332 522 3407 ένάχεσθαι
544 3335 620 3391 ΑΒο,
651 3331 815 3405 ἀνοίγεσθαι
833 3333 936 3388 Reiske
968 3329 1046 3390 ἀποί-

54 3407 138 3468 χεοθαι
163 3425 185 3465 ο.
209 3409 347 3464 Biicheler
436 3413 452 3462 5
476 3403 525 3479 δὴ]
554 3405 586 3462 δὲ
609 3407 662 3461 ΑΒ
754 3413 787 3461 19
815 3405 1045 3476 καταλελυμένον

56 3489 72 3525 e.
87 3475 210 3536 Bficheler
282 3486 316 3534 20
335 3474 561 3550 όλιχοροῦνταΒ
633 3474 897 3554 221πρεσβόταιςΒ

830 3565 885 3616 15*
