2412 3912
473 229 639 286 -A-
1023 231 1066 297 87

60 395 112 462 καί
133 391 269 481 μάλιστα
294 396 363 462 τών
390 392 453 480 μὲν
477 395 651 480 ἐπιφανείς
677 390 736 474 τὰς
757 392 875 481 τύχας,
897 391 1068 480 πλάνητας

19 500 100 568 138δὲ
120 498 193 580 τούς
213 505 311 587 βίους
328 498 531 588 ἐσχηκότων,
555 501 758 588 μαθέτωσαν
780 497 832 568 ὅτι
855 505 982 588 χωρίον
1004 499 1066 588 μὲν

61 612 95 676 ἓν
123 606 157 676 τὸ
188 607 373 695 δεξάμενον
401 605 444 676 τά
473 606 610 695 σώματα
639 604 753 676 αὐτόν
775 599 837 694 ῆν,
860 620 1006 695 μνημεῖα
1029 607 1067 676 δὲ

60 713 140 804 παρά
159 723 296 795 πολλοῖς
316 713 558 784 κατεσκεύαστο
583 711 631 782 δι’
658 713 798 784 εύνοιαν
826 719 895 784 τών
919 717 956 784 έν
981 711 1067 801 ώφε-

60 827 153 900 λείαις
173 821 242 890 τισὶ
265 819 311 890 δι’
338 819 462 901 αὐτοὺς
480 823 686 909 γενομένων,
710 820 853 909 μάλιστα
876 826 908 889 εί
928 825 990 890 τού
1013 821 1093 907 γέ-ει

60 951 132 1007 νονς
161 925 274 997 αὐτῶν
303 953 335 996 τι
365 931 485 1015 περιῆν
509 923 530 1014 ῆ
560 925 688 1008 πόλεώς
716 953 810 1008 τινος
839 925 1013 1008 ἀπόκτισις
1044 923 1066 1014 ῆ

64 1033 184 1121 χρόνιοί
202 1059 292 1115 τινες
305 1035 361 1102 καί
375 1032 617 1122 φιλάνθρωποι
631 1040 752 1122 μοναί·
775 1029 832 1102 οἷα
856 1033 898 1122 δῆ
921 1034 1067 1122 καὶπερὶ

66 1141 148 1210 τόνδε
167 1140 229 1211 τὸν
252 1140 347 1230 ἥρωα
369 1141 656 1229 μυθολογούμενα
680 1151 787 1230 ίσμεν.
815 1139 903 1234 Ἰλίμ
923 1141 984 1229 μὲν
1002 1139 1107 1230 γάρ2

60 1247 92 1316 τό
112 1246 153 1336 μῆ
175 1249 326 1318 πασσυδὶ
350 1252 585 1336 διαφθαρῆναι
612 1246 696 1317 κατά
723 1246 785 1335 τῆν
809 1246 938 1318 ἅλωσιν
961 1272 1067 1338 παρα-

58 1355 149 1442 σχών,
170 1359 211 1444 τῆ
236 1354 275 1424 δὲ
296 1358 488 1445 καλουμένῃ
503 1361 673 1446 Βεβρυκίᾳ
691 1354 729 1424 τὸ
753 1354 969 1444 ἐπικουρικὸν
994 1358 1066 1425 δια·
1082 1378 1108 1418 1⁰

55 1467 203 1550 σωθῆναι
225 1462 493 1549 παρασκευάσας,
517 1465 554 1531 έν
573 1468 704 1553 Φρυγίᾳ
728 1462 766 1531 δὲ
779 1462 840 1532 τὸν
854 1461 933 1532 νίὸν
952 1459 1067 1531 Ἀσκά-

53 1595 125 1638 νιον
146 1572 287 1657 βασιλέα
308 1570 517 1656 καταλιπών,
548 1573 586 1638 έν
609 1569 774 1659 Παλλήνῃ
799 1570 837 1639 δὲ
859 1569 961 1639 πόλιν
985 1567 1067 1639 έπώ-

52 1703 157 1765 νυμον
188 1681 318 1763 κτίσας,
349 1679 386 1746 έν
415 1677 574 1768 Ἀρκαδίηι
605 1677 643 1746 δὲ
671 1679 862 1767 θυγατέρας
890 1677 1067 1764 κηδεύσας,

53 1787 87 1852 έν
122 1790 263 1875 Σικελίᾳ
299 1783 338 1853 δὲ
373 1786 476 1873 μέρος
516 1789 575 1872 τῆς
612 1788 768 1871 στρατιᾶς
808 1781 1066 1873 ὑπολιπόμενος,

52 1895 87 1960 έν
102 1899 240 1971 πολλοῖς
264 1890 302 1960 δὲ
324 1889 440 1972 ἄλλοις
463 1897 599 1980 χωρίοις
622 1890 891 1980 φιλανθρώπους
912 1890 972 1972 τάς
995 1895 1066 1959 δια-
1081 1915 1106 1954 ιε

52 1997 162 2086 τριβάς
187 1997 411 2086 δωρήσασθαι
433 1987 546 2068 δακών
571 1997 729 2067 ἑκούσιον
756 1997 824 2085 εἶχε
846 1996 927 2088 παρ’
954 1995 1066 2067 αύτών

11 2104 111 2192 ἱλθτῆν
135 2105 288 2193 εύνοιαν,
313 2103 354 2174 δι’
379 2103 423 2193 ῆν
437 2103 497 2175 τὸν
512 2103 577 2194 μετ’
601 2103 796 2193 ἀνθρώπων
819 2111 898 2192 βίον
921 2103 1066 2174 ἐκλιπών

52 2209 171 2298 ἡρώοις
195 2216 365 2301 έποσμείτο
389 2214 446 2281 καί
464 2211 649 2300 μνημάτων
671 2226 890 2292 κατασκευαῖς
907 2217 1066 2302 πολλαχῆ.

52 2320 115 2387 ἐπεὶ
138 2322 223 2409 φέρε
245 2326 340 2399 τίνας
362 2315 406 2386 άν
429 2323 537 2399 αίτίας
560 2325 630 2406 ἔχοι
652 2345 702 2400 τις
724 2316 919 2389 ὑποθέσθαι
939 2323 1008 2387 τῶν
1028 2320 1101 2389 έν3

49 2422 166 2517 Ἰταλίᾳ
199 2425 306 2495 αὐτού
332 2425 533 2513 μνημάτων,
561 2431 593 2494 εί
618 2425 700 2515 μήτε
729 2419 808 2514 ῆρξε
834 2424 965 2494 τούτων
996 2430 1066 2495 τών
1079 2447 1106 2488 20

51 2539 180 2621 χωρίων
213 2533 295 2622 μήτε
326 2531 522 2620 καταγωγὰς
554 2535 591 2602 ἐν
624 2531 739 2613 αὐτοῖς
767 2531 946 2620 έποιῆσατο
977 2531 1074 2628 μήθ’Ι

51 2637 131 2721 ὅλως
155 2639 316 2728 ἐγνώσθη
330 2639 416 2730 πρὸς
434 2640 563 2723 αύτώνς
587 2639 656 2710 ἀλλ’
677 2639 761 2729 ὑπὲρ
780 2640 842 2728 μέν
860 2639 991 2710 τούτων
1009 2642 1066 2709 καὶ

51 2740 147 2829 αὖθις
178 2747 397 2835 λεχθήσεται,
426 2748 548 2817 καθότι
579 2744 622 2816 διν
653 2745 671 2816 ὁ
702 2746 803 2834 λόγος
835 2746 890 2835 ἐφ’
924 2748 1066 2818 ἑκάστου

50 2860 167 2943 καιροῦ
191 2859 392 2942 δηλωθῆναι
415 2854 547 2945 άπαιτῆ.

118 3095 132 3142 1
150 3083 305 3158 ἐπιφανεῖς
323 3087 375 3159 μὲν
395 3105 418 3142 ε.
430 3086 552 3158 Sylburg
568 3089 571 3154 Ι
588 3083 766 3156 πλανῆταςΑ
840 3092 856 3141 ’λ
875 3080 973 3157 χρόνοι
991 3084 1066 3148 τινὲς

51 3157 118 3213 ΔΒο
189 3157 475 3232 9πα<ν>οοδ<ί>Β
549 3165 580 3212 11
602 3158 785 3226 διασωθῆναι
803 3152 999 3227 παρεσκεύασε
1018 3157 1063 3228 ΑΙ

52 3221 79 3280 έν
101 3247 158 3284 om.
181 3232 207 3286 R
236 3234 241 3302 Ι
269 3231 388 3318 βασιλέα
406 3227 457 3284 τόν
479 3225 545 3285 υλδν
564 3225 745 3285 άσκάνιονΒ
819 3235 851 3284 12
872 3225 1065 3300 ὁμώνυμονΒ

82 3306 115 3354 14
134 3297 363 3374 ύπολειπομενος
382 3302 458 3357 ABb
546 3307 579 3356 15
604 3297 636 3356 έν
658 3302 712 3356 del.
732 3301 875 3370 Kiessling
898 3297 930 3356 έν
953 3302 1066 3362 πολλοῖς

52 3367 79 3424 δὲ
98 3372 149 3426 καί
168 3369 262 3438 ἄλλοις
280 3374 425 3429 Μεαλτηοτ
443 3375 514 3427 Ann.
533 3373 603 3442 phil.
625 3379 693 3428 18⁷7
712 3389 740 3441 p.
761 3378 813 3428 826
893 3377 924 3426 1⁷
952 3365 1065 3439 μετάΒ

76 3447 116 3526 ‚18
134 3439 228 3513 ἠρίοις
245 3447 272 3500 A
372 3451 407 3500 το
431 3443 536 3507 κακοῖς
554 3444 577 3500 Β
677 3449 782 3498 εο-εε
803 3442 830 3498 ει
851 3437 921 3513 μήτε
941 3471 975 3481 -
994 3435 1065 3510 πρὸς

54 3514 143 3568 κακῶν
163 3517 185 3570 Β
204 3518 303 3571 om.A
376 3522 411 3571 24
430 3510 550 3572 άπαιτεῖ
563 3515 609 3570 Ba
