2396 3918
151 231 218 296 190
576 229 740 282 -Β-

149 396 319 460 τακοσίων
337 391 454 479 μηδείς
472 391 510 458 ἐν
523 387 633 478 Ῥοίμη
647 391 798 475 λυθῆναι
811 384 931 474 γάμος·
952 382 1033 452 κατὰ
1049 381 1084 450 δέ
1099 378 1147 467 τὴν

153 497 303 586 ἑβδόμην
335 499 389 568 έπλ
420 503 494 578 ταῖς
518 495 701 585 τριάκοντα
727 495 784 563 καὶ
814 491 935 563 ἑκατὸν
961 486 1181 578 όλυμκιύσιιιιε

153 603 392 675 ὑπατευόντων
406 603 554 694 Μάρκον
568 607 779 691 Πομπωνίου
800 602 857 670 κοιλ
876 605 984 670 Γαΐου
998 600 1151 683 Παπιρίου

154 716 286 800 πρῶτος
312 709 479 781 ἀπολῦσαι
509 712 640 799 λέγεται
670 708 734 798 τὴν
764 709 887 778 ἑαυτοῦ
913 719 1059 794 μυναίκοι
1083 701 1152 770 Στό-

42 841 45 849 ·
126 845 230 908 εριος
260 824 468 908 Καρουΐλιος
505 816 591 907 ἀνὴρ
629 815 693 887 ούιι
727 814 874 904 ἀφανής,
905 810 1154 900 ἀναγκαζόμενος

154 923 221 994 ὑπὸ
244 950 313 994 τον
335 929 484 1013 τιμητῶν
509 923 633 1013 ὀμόσαι
653 925 783 994 τέκνων
813 925 911 991 ἕνεκα
933 921 1072 1008 γυναικὶ
1092 937 1155 986 συν-

156 1046 262 1101 οικεῖν
290 1023 349 1122 (ἦν
377 1029 409 1100 δ’
436 1029 526 1126 αύτῷ
554 1037 669 1120 στείρα
696 1029 717 1119 ἡ
740 1030 857 1120 γυνή),
880 1025 918 1110 δς
940 1029 995 1098 ἐπί
1018 1030 1065 1120 τῷ
1088 1030 1155 1114 ἔργῳ

155 1139 265 1232 τούτῳ
292 1145 402 1209 καίτοι
431 1136 477 1208 δι’
503 1135 655 1226 ἀνάγκην
685 1139 858 1230 γενομένῳ
882 1133 1089 1225 μισούμενος
1108 1127 1156 1198 ὑπὸ

156 1249 218 1314 τοῦ
242 1245 354 1334 δήμου
378 1249 571 1316 διετέλεσεν.

117 1395 144 1436 ιο
247 1369 367 1438 XXVI.
381 1365 424 1438 ’Ἀ
445 1369 507 1457 μὲν
531 1360 595 1438 οὖν
615 1373 663 1450 εἰς
679 1380 841 1456 γυναῖκας
859 1358 898 1435 εὖ
917 1370 1040 1454 έχοντα
1064 1359 1159 1432 δῬωι

158 1475 264 1566 μύλος
295 1476 557 1563 ἐνομοθέτησεν,
590 1479 623 1558 ἐξ
657 1467 705 1544 ὧν
732 1471 960 1562 κοσμιωτέρας
991 1473 1070 1557 περὶ
1100 1466 1161 1545 τοὺς

158 1581 287 1670 ἄνδρας
306 1581 409 1662 αύτδις
426 1578 663 1670 ἀπειργάσατο,
680 1577 773 1650 ταῦτ’
795 1583 897 1667 ἐστιν,
920 1575 942 1646 δῖ
966 1576 1000 1646 δ’
1028 1583 1077 1658 είς
1094 1577 1161 1644 αίδύ

158 1691 215 1758 καὶ
248 1688 470 1775 δικαιοσύνην
502 1692 651 1775 παίδων,
683 1692 742 1756 ἵνα
774 1685 897 1773 σέβωσι
928 1682 1010 1765 τοὺς
1038 1683 1164 1768 πατέρας

159 1794 291 1864 ἅπαντα
322 1794 523 1883 πράττοντός
554 1821 590 1864 τε
621 1797 677 1863 καὶ
704 1797 860 1881 λέγοντες
887 1790 951 1863 ὅσα
979 1788 1024 1860 διν
1058 1793 1164 1861 ἐκεῖνοι

120 1923 146 1965 15
161 1900 357 1987 κελεύωσιν,
386 1905 434 1970 ἔτι
460 1901 591 1970 τούτων
614 1893 659 1987 ἦν
685 1899 877 1988 σεμνότερα
896 1900 953 1968 καὶ
976 1905 1165 1987 μεγαλοπρε-

161 2008 302 2097 πέστερα
337 2007 394 2076 καλ
430 2005 559 2096 πολλὴν
600 2011 720 2094 έχοντα
756 2006 846 2094 παρὰ
881 2006 963 2086 τοὺς
997 2003 1167 2093 ἡμετέρους

121 2113 290 2202 2νόμους
313 2114 493 2201 διαφοράν.
539 2117 574 2182 οί
600 2113 662 2201 μέν
689 2113 754 2201 γὰρ
784 2112 844 2194 τὰς
861 2111 1064 2200 Ἑλληνικὰς
1085 2136 1167 2179 κατα-

161 2220 365 2310 στησόμενοι
403 2225 571 2299 πολιτείας
610 2220 740 2307 βραχύν
776 2247 854 2288 τινα
890 2222 1014 2308 κομιδῇ
1056 2218 1167 2306 χρόνον

162 2331 281 2410 ἔταξαν
308 2325 473 2416 ἄρχεσθαι
500 2325 581 2406 τοὺς
607 2330 731 2406 παῖδας
756 2323 822 2394 ὑπὸ
855 2330 924 2395 τῶν
950 2325 1120 2411 πατέρων,
1144 2322 1170 2388 οἱ

121 2458 149 2498 εο
163 2433 224 2521 μὲν
249 2436 311 2514 ἕως
337 2439 452 2521 τρίτου
481 2433 741 2520 ἐκπληρώσωσιν
770 2429 830 2520 ἀφ’
855 2431 941 2520 ἥβης
968 2437 1057 2517 ἔτος,
1083 2432 1118 2498 οἱ
1142 2427 1170 2494 δὲ

163 2539 246 2610 ὅσον
269 2536 313 2608 διν
335 2539 463 2627 χρόνον
484 2538 598 2627 ἠόθεοι
623 2539 786 2627 μόνωσιν,
810 2543 845 2608 οί
867 2539 905 2607 δέ
928 2540 1024 2626 μέχρι
1048 2540 1108 2626 τῆς
1130 2539 1190 2613 είςι

113 2733 117 2739 ¹
161 2645 203 2716 τδι
226 2643 342 2733 ἀρχεῖα
363 2645 404 2714 τδι
428 2646 574 2734 δημόσιοι
598 2649 782 2735 ἐγγραφῆς,
811 2643 857 2726 ὡς
879 2647 915 2714 έκ
936 2650 995 2732 τῆς
1019 2645 1171 2718 Σόλωνος

163 2753 219 2820 καὶ
260 2755 429 2820 Πιττακοῦ
469 2754 525 2821 καὶ
567 2753 758 2840 Χαρώνδου
793 2758 1000 2840 νομοθεσίας
1038 2757 1171 2839 ἔμαθον,

123 2855 145 2921 3
165 2853 216 2939 οἷς
238 2855 344 2944 πολλὴ
367 2872 583 2945 μαρτυρεῖται
607 2865 724 2946 σοφία·
755 2865 916 2947 τιμωρίας
942 2887 978 2928 τε
1005 2858 1089 2928 κατὰ
1112 2861 1171 2926 τῶν

123 2987 151 3028 τε
164 2969 297 3034 παίδων
320 2966 454 3051 ἔταξαν,
477 2963 538 3034 έδιν
560 2962 727 3034 ἀπειθῶσι
753 2979 824 3046 τοϊς
846 2965 1028 3054 πατράσιν,
1058 2962 1099 3034 ού
1121 2969 1171 3050 βα-

236 3214 458 3301 ὃπομπηίουΒ
484 3216 498 3298 Ι
512 3214 713 3283 παππιρίονΒ
785 3215 870 3269 ὀκαλ
889 3211 1013 3284 ρονίλιος
1030 3215 1090 3280 AB,
1110 3229 1171 3267 corr

165 3287 324 3342 Ambrosoh
405 3291 421 3338 6
444 3279 530 3370 ὁμόσε
554 3286 600 3340 Ba
624 3288 629 3354 Ι
654 3291 803 3354 συντυχετν
828 3284 851 3339 Β
935 3290 968 3339 11
992 3283 1171 3354 κοσμιωτέρας

166 3352 258 3417 αύτδις
281 3354 348 3423 περὶ
374 3349 441 3414 τούς
468 3349 577 3437 ᾄνδρας
602 3355 626 3408 Β
708 3363 742 3410 14
769 3375 799 3410 τε
828 3372 882 3411 om.
910 3356 936 3408 A
1018 3362 1052 3410 15
1078 3351 1125 3408 έπλ
1151 3353 1171 3405 Α

168 3423 293 3509 έ<τ>ιΒ
375 3429 410 3476 20
429 3418 511 3476 δεύτε
514 3442 615 3492 ρονο.
643 3425 782 3481 Bfioheler
862 3433 897 3480 23
920 3427 1093 3496 νομοθεσίας
1115 3423 1173 3494 post

166 3491 380 3556 ΣόλωνοςΒ
410 3498 446 3547 24
464 3496 659 3561 φιλοσοφίαΒ
