2404 3918
463 258 497 269 -
536 231 629 282 Γ-
989 230 1056 297 305

35 379 137 463 ἀλλας
151 380 204 452 ἐπ’
221 382 338 466 ἀλλαις
350 385 481 474 πληγὰς
493 393 554 456 καί
562 412 633 469 πως
645 388 804 476 τυγχάνει
817 393 880 458 τοῦ
889 387 1057 478 Ῥωμαίου

4 488 95 556 σεδιά
119 494 300 577 βουβῶνος
318 495 455 581 ἐνέγκας
476 492 515 564 τὸ
540 497 645 582 ξίφος.
687 492 706 564 6
731 495 768 564 δὲ
790 509 862 575 τοίς
883 522 919 565 τε
941 495 1057 577 ἀλλοις

36 595 201 685 τραύμασι
228 602 460 688 κεκαρωμένος
487 599 553 689 ἤδη
581 603 638 670 καί
665 600 728 689 τὴν
755 607 949 674 τελευταίαν
974 611 1056 690 πλη-

36 701 96 790 γὴν
132 706 384 796 θανατηφόρον
425 713 512 796 ἔχων
550 707 795 778 ὑπολυθέντων
831 709 901 778 τεόν
943 713 1055 798 μελῶν

36 814 231 902 καταρρυείς
254 811 473 902 ἀποθνήσκει.
515 813 561 896 ὡς
584 816 622 886 66
644 812 736 886 τοῦτ’
760 814 853 885 είθον
878 820 914 886 oc
933 792 1095 922 mavul?

38 923 90 1007 τῆς
115 919 225 1008 μάχης
252 917 321 1009 ἀμα
352 921 475 1002 πάντες
501 918 709 1010 ἀνεβόησαν,
734 919 891 1009 Ἀλβανοί
918 923 981 1011 μὲν
1010 921 1055 1003 ὡς

39 1031 193 1108 νικῶντες
215 1025 294 1115 ἤδη,
312 1025 470 1116 Ῥωμαῖοι
492 1027 524 1096 6'
546 1027 592 1109 τός
613 1029 845 1118 κρατούμενοι.
886 1027 966 1109 τοὺς
987 1028 1053 1118 γάρ

42 1132 78 1221 δὴ
103 1137 289 1223 σφετέρους
321 1135 384 1206 δύο
414 1148 486 1217 τοῖς
511 1137 622 1225 τρισίν
648 1134 823 1224 Ἀλβανοῖς
855 1133 1054 1224 εὐκατεργά-

46 1259 132 1322 στους
168 1239 411 1330 ὑπελάμβανον
447 1243 662 1331 γενήσεσθαι.
722 1245 760 1312 ἐν
794 1234 821 1335 ᾧ
858 1241 889 1310 6’
925 1244 1053 1329 ἐγίνετο

48 1352 151 1435 ταῦτα,
179 1346 198 1417 6
227 1354 444 1437 παρασπίζων
471 1353 517 1442 τῷ
542 1349 681 1420 πεσόντι
699 1347 861 1437 Ῥωμαίος
884 1347 975 1437 ὁρῶν
999 1351 1052 1418 ἐπὶ
1067 1370 1094 1410 1⁰

44 1458 82 1544 τῷ
101 1454 340 1544 κατορθώματι
366 1460 529 1544 περιχαρῆ
557 1455 618 1526 τὸν
639 1453 803 1543 Ἀλβανὸν
832 1453 971 1526 ὠθεῖται
998 1484 1054 1525 τα-

41 1557 93 1645 χὺς
114 1560 164 1630 ἐπ’
191 1558 298 1631 αὐτόν
324 1562 381 1630 καὶ
408 1559 515 1630 πολλά
539 1561 601 1649 μὲν
627 1561 801 1650 τραύματα
825 1562 922 1648 δούς,
945 1560 1054 1634 πολλά

42 1665 73 1732 δὲ
98 1665 199 1747 αὐτὸς
225 1665 340 1756 λαβὼν
368 1667 527 1756 τυγχάνει
550 1692 621 1749 πως
646 1666 730 1738 κατά
757 1672 816 1758 της
839 1674 971 1756 σφαγῆς
995 1666 1053 1738 αά-
1084 1667 1089 1679 ’

39 1776 95 1840 τοῦ
121 1772 232 1860 βάψας
257 1773 296 1844 τὸ
322 1774 419 1862 ξίφος
444 1775 502 1846 καί
525 1774 801 1862 διαχρησάμενος.
848 1774 1052 1863 μεταβαλοά-
1072 1769 1094 1834 6

41 1897 94 1964 σης
116 1878 153 1947 δὲ
174 1884 235 1966 τῆς
257 1879 360 1968 τύχης
383 1882 420 1948 ἐν
445 1877 549 1966 όλίγι
571 1880 612 1950 τά
639 1907 674 1950 τε
699 1885 769 1950 τεόν
792 1879 1052 1968 ἀγωνιζομένων
1067 1901 1093 1942 15

42 1989 113 2071 ἔργα
134 1987 191 2056 καλ
213 1984 255 2054 τά
278 1990 347 2056 τῶν
370 1988 563 2074 θεωμένων
580 1986 690 2074 πάθη,
718 1988 774 2055 καὶ
792 1985 966 2074 Ῥωμαίων
990 1987 1053 2075 μὲν

42 2089 349 2182 ἀναθαρρησάντων
376 2095 413 2163 ἐκ
442 2097 503 2180 τῆς
528 2093 694 2181 πρότερον
722 2099 916 2181 κατηφείας,
937 2092 1053 2180 Ἀλβα-

41 2201 103 2266 νόν
131 2199 168 2268 δέ
202 2199 433 2288 ἀφῃρημένων
462 2198 500 2269 τὸ
532 2213 667 2287 χαῖρον,
700 2199 794 2287 ἑτέρα
825 2199 928 2270 πάλιν
960 2198 1052 2268 ἀντι-

41 2305 203 2376 πνεύσασα
226 2321 297 2387 τοῖς
319 2309 388 2376 τῶν
406 2305 584 2395 Ῥωμαίων
606 2305 847 2396 κατορθώμασι
869 2305 953 2393 τύχη
976 2306 1053 2376 τού-

41 2438 100 2482 των
120 2413 184 2501 μὲν
208 2416 410 2486 ἐταπείνωσε
428 2411 487 2494 τὰς
505 2416 652 2500 ἐλπίδας,
674 2411 715 2482 τά
735 2412 773 2481 δὲ
793 2417 862 2482 τῶν
879 2419 1050 2500 πολεμίων
1065 2433 1092 2474 20

43 2521 232 2609 φρονήματα
251 2523 384 2609 ἐπῆρεν.
424 2523 486 2590 τοῦ
505 2518 569 2609 γάρ
586 2519 750 2608 Ἀλβανοῦ
769 2519 932 2599 πεσόντος
951 2517 968 2588 6
988 2519 1051 2606 τὴν

4 2631 178 2712 λεεπλησίου
202 2625 309 2698 αὐτοῦ
333 2633 419 2715 ἔχων
443 2626 561 2696 στάσιν
590 2623 737 2713 ἀδελφὸς
760 2626 981 2714 συμπλέκεται
1004 2629 1050 2718 τῷ

43 2733 269 2821 καταβαλόντι,
301 2735 358 2804 καὶ
389 2732 617 2821 τυγχάνουσιν
655 2730 840 2822 ἀμφότεροι
876 2731 960 2804 κατὰ
990 2731 1051 2802 τὸν

44 2833 133 2910 αὐτόν
155 2839 285 2929 χρόνον
308 2839 437 2927 πληγάς
455 2841 622 2921 ἐξαισίους
645 2839 874 2924 ἐξενέγκαντες
896 2837 968 2908 κατ’
994 2837 1052 2908 ἀλ-

44 2943 156 3033 λήλων,
180 2945 198 3014 6
224 2946 287 3035 μὲν
307 2945 469 3034 Ἀλβανὸς
491 2948 552 3015 τοῦ
570 2941 737 3032 Ῥωμαίου
759 2943 843 3014 κατὰ
866 2950 928 3015 τοῦ
952 2972 1049 3034 μετα·
1063 2966 1089 3007 2⁵

46 3054 159 3138 φρένου
180 3055 238 3124 καί
262 3053 358 3141 μέχρι
381 3057 450 3122 τῶν
474 3052 675 3140 σπλάγχνων
702 3050 814 3138 βάψας
836 3051 873 3122 τὸ
899 3055 1006 3140 ξίφος,
1030 3053 1048 3122 6

106 3289 120 3340 1
137 3280 235 3349 ἄλλαις
254 3279 303 3340 ἐπ’
323 3280 422 3347 ἄλλαις
439 3287 559 3353 πληγαῖς
578 3283 600 3340 O
620 3299 690 3338 corr.
708 3281 848 3353 Mainake,
868 3281 957 3339 Cobet
975 3284 1047 3341 Nov.

48 3349 110 3409 beet.
127 3374 153 3424 p.
172 3361 225 3412 258
292 3363 325 3412 16
345 3355 495 3426 θεομένων
514 3358 539 3410 A
609 3361 642 3408 21
663 3349 792 3423 ἐπῆρεΒ
859 3360 895 3408 24
914 3351 1052 3424 ἐνέγκαν-

49 3441 84 3485 τῑε
95 3425 191 3484 Reiske
211 3425 419 3497 ἐπενέγκαντες
437 3445 460 3484 α.
475 3425 626 3496 Κίεεελίυς,
640 3423 728 3480 Cobet
742 3424 806 3480 obs.
821 3443 848 3494 p.
860 3431 894 3480 64
949 3432 983 3480 25
998 3429 1049 3488 τοῦ

50 3497 210 3568 μεταφρένου
228 3499 252 3554 Β
271 3500 328 3555 τῶν
348 3497 533 3569 μεταφρένων
551 3498 577 3552 Β

92 3603 182 3649 onm.
195 3609 262 3650 Hm.
275 3607 295 3648 Ι.
310 3617 350 3648 ιω.
363 3607 467 3648 λεοοετ.
851 3587 885 3634 20
