2412 3912
162 215 205 281 66
587 217 752 269 -A-

163 378 273 464 διαίτη
306 377 361 444 καὶ
394 377 620 458 ξενοκτονίαις
642 373 837 464 ἀθεμίστοις
863 377 1060 464 χρωμένων,
1078 380 1164 442 καθ-1

162 479 255 561 ιστάς
283 481 321 549 δὲ
343 486 509 569 νομίμους
531 487 702 567 βασιλείας
728 483 784 550 καὶ
808 481 1003 571 σωφρονικὰ
1024 476 1147 549 πολιτεύ-

162 616 248 677 ματα
271 589 326 656 καί
349 592 435 674 βίων
460 593 523 674 ἐθη
547 587 775 676 φιλάνθρωπα
797 589 853 656 καὶ
866 591 1065 674 κοινοπαθῆ·
1084 581 1148 670 πρὸς

162 695 200 763 δέ
221 694 355 775 τούτοις
369 692 511 781 Ἕλλησί
529 721 565 763 τε
588 695 781 784 βαρβάρους
795 694 1099 783 συγκεραννύμενος
1109 689 1150 756 καὶ

135 807 356 882 ῡθαλαττίοις
383 799 587 888 ἠπειρώτας,
621 807 655 870 οἳ
682 805 764 882 τέως
795 801 955 882 ἀπίστους
985 802 1042 870 καὶ
1070 796 1149 866 ἀσυν-

160 907 346 987 αλλάκτους
379 905 470 995 είχον
504 904 651 995 ὁμιλίας,
684 908 795 1000 ἐρήμρι
827 935 862 977 τε
899 913 941 998 γή
974 907 1084 985 πόλεις
1115 904 1152 969 έ-

161 1014 364 1103 ιδρυόμενος
390 1014 446 1081 καί
473 1011 642 1102 ποταμοὺς
665 1015 831 1102 ἐκτρέπων
862 1015 1092 1096 ἐπικλύζοντας
1113 1032 1153 1076 τε·

163 1125 220 1189 δία
247 1122 302 1189 καὶ
330 1126 467 1209 τρίβους
498 1122 667 1207 ἐκτέμνων
697 1119 834 1208 ἀβάτοις
865 1120 958 1209 ὄρεσι
987 1121 1044 1188 καὶ
1073 1109 1155 1186 τᾶλλα
1189 1107 1190 1142 ³

162 1226 416 1316 μηχανώμενος,
450 1224 495 1307 ώς
521 1225 633 1294 ἅπασα
659 1230 702 1314 γῆ
730 1228 785 1296 καὶ
813 1227 963 1296 θάλαττα
985 1224 1083 1314 κοινή
1103 1235 1157 1299 ταῖς

121 1299 321 1427 Ξάτιάντων
340 1339 466 1421 χρείαις
484 1333 670 1421 γενήσοιτο.
711 1331 847 1422 ἀφίκετο
863 1332 901 1401 δέ
919 1338 967 1414 είς
978 1331 1116 1403 Ἰταλίαν
1128 1324 1157 1396 ου’
1190 1367 1191 1376 ¹

162 1441 369 1532 μονόστολος
392 1437 472 1508 οὐδὲ
495 1436 620 1527 ἀγέλην
639 1444 732 1526 βοών
753 1440 970 1529 ἐπαγόμενος·
999 1441 1091 1531 (οὔτε
1111 1433 1158 1523 γὰρ

163 1547 181 1618 ό
209 1553 318 1636 χώρος
345 1550 382 1616 ἐν
414 1552 518 1637 τρίβςσ
545 1560 617 1627 τοῖς
644 1551 692 1627 είς
713 1545 836 1634 ’Ἁργος
864 1550 897 1630 ἐξ
921 1546 1069 1636 Ἰβηρίας
1097 1543 1159 1612 ἀνο-

162 1657 433 1742 σκευαζομένοις,
466 1648 542 1722 οὕτε
571 1658 632 1722 τοῦ
663 1657 814 1723 διελθεῖν
847 1657 943 1723 ἕνεκα
971 1653 1035 1742 τήν
1066 1651 1161 1741 χώραν
1192 1695 1193 1758 ρ

161 1763 325 1850 τοσαύτης
351 1757 395 1830 ἀν
423 1758 554 1847 ἠξιώθη
581 1764 714 1848 τιμῆς)
744 1758 818 1830 ἀλλ’
851 1763 903 1831 ἐπὶ
928 1761 1095 1830 δουλώσει
1120 1753 1162 1824 καὶ
1192 1761 1193 1838 η

122 1891 148 1932 15
162 1867 246 1958 ἀρχή
269 1873 337 1937 τών
360 1872 440 1956 τήδε
462 1865 657 1955 ἀνθρώπων
681 1866 825 1956 στρατὸν
849 1868 942 1956 άγων
965 1866 1076 1937 πολὺν
1096 1864 1165 1950 Ἰβη-

162 1983 240 2065 ρίαν
270 1974 335 2063 ἠδη
365 1976 621 2063 κεχειρωμένος·
655 1979 831 2062 διατρῖψαί
856 2004 891 2046 τε
921 1975 1046 2045 αὐτόθι
1076 1975 1166 2042 πλείω

162 2082 288 2172 χρόνον
318 2078 518 2167 ἠναγκάσθη
548 2083 609 2148 τοῦ
638 2106 674 2148 τε
703 2085 865 2150 ναυτικοῦ
888 2086 928 2171 τῇ
958 2080 1125 2170 ἀπουσίᾳ,
1152 2071 1168 2158 ἣ
1193 2069 1194 2080 ³

162 2192 292 2277 ἐγένετο
321 2190 485 2275 χειμώνος
512 2185 747 2272 ἐπιλαβόντος,
773 2187 831 2254 καὶ
858 2191 903 2279 τῷ
932 2186 976 2275 μή
999 2187 1112 2256 πάντα
1137 2179 1169 2251 τά

163 2304 248 2384 ἔθνη
271 2292 311 2364 τά
327 2294 515 2386 κατέχοντα
537 2290 681 2360 Ἰταλίαν
703 2297 940 2381 προσχωρῆσαι
963 2293 1052 2387 αὐτῷ
1081 2288 1194 2363 ἐκοό-Ιο

162 2493 323 2564 μονείαςΒ
355 2484 505 2559 ἢὴγεμδν
525 2489 646 2544 Sintenis
664 2489 725 2544 Em.
744 2488 826 2544 Dion.
846 2490 872 2543 ΙΙ
895 2497 958 2559 ρ.6
991 2483 1120 2560 ἠὲσμός
1137 2504 1173 2545 τις

162 2565 270 2634 Kayser
289 2565 359 2616 Ann.
383 2560 451 2631 phil.
474 2567 542 2616 1863
566 2579 593 2629 p.
614 2567 629 2616 6
657 2555 753 2622 πόλεις
771 2555 789 2629 ἢ
809 2555 923 2631 ἡγεμών
942 2562 1089 2617 Meutzner
1107 2558 1173 2612 Anu.

163 2633 231 2704 phil.
253 2639 321 2688 σενι
340 2651 366 2702 p.
387 2631 512 2687 814661,
538 2632 649 2701 Sauppe
667 2632 738 2701 Eph.
758 2629 834 2688 Gott.
855 2638 922 2687 1861
943 2651 970 2702 p.
990 2637 1061 2687 1846
1085 2635 1089 2702 ι
1112 2624 1175 2694 ἀνη-

163 2703 256 2774 μέρων
275 2702 328 2758 ΑΒ
401 2709 414 2756 1
436 2703 616 2767 ξενοκτονίας
634 2702 679 2756 Ba
695 2704 699 2770 Ι
715 2703 877 2756 καθίσταΒ
949 2701 1042 2772 3ἐθη
1062 2702 1115 2758 καὶ
1134 2718 1175 2768 φι-

162 2771 320 2843 λάνθρωπα
339 2775 365 2828 A
437 2774 637 2835 δθαλαττίοις
655 2768 815 2842 ἠπειρώτας
833 2773 880 2828 Bb
907 2775 1081 2837 θαλαττίους
1100 2768 1178 2841 ἠπει-

163 2841 265 2914 ρώταις
282 2846 332 2900 Ab
346 2845 510 2906 θαλαττίοις
532 2839 702 2914 ἠπειρώταις
720 2845 768 2898 Aa
784 2844 788 2916 ἠ
805 2839 851 2899 ὅτε
872 2839 909 2908 ώς
927 2847 952 2899 A
1025 2853 1041 2901 6
1068 2842 1178 2910 ἐνιδρυ-

163 2915 248 2986 μένος
269 2916 316 2971 Ba
349 2912 532 2985 ἐνιδρόμενος
554 2916 580 2968 A
674 2920 690 2969 8
720 2911 861 2986 ἐντέμνων
884 2917 978 2972 Μσδν’
1023 2917 1096 2971 Adv.
1118 2914 1131 2966 I
1154 2930 1178 2980 p.

163 2993 216 3042 724
242 2990 246 3054 Ι
272 2983 303 3042 ἐν
327 2981 444 3057 ἀβάτοις
470 3003 492 3040 ο.
516 2986 619 3042 Reiske
649 2988 653 3056 Ι
683 2977 769 3040 τᾶλλα
792 2987 814 3040 Β
842 2983 878 3042 τά
901 2983 971 3041 ἀλλα
1109 2992 1126 3040 9
1147 2980 1178 3052 γῐ

163 3075 217 3115 om.
236 3058 283 3111 Ba
355 3064 388 3113 10
408 3056 500 3111 ίταλία
520 3057 566 3113 Ba
639 3064 671 3112 11
692 3051 837 3126 ἀγέληνΒ
855 3055 979 3128 ἀγέληΒ
1000 3054 1181 3128 ἐπαγόμενος

162 3131 212 3184 Ab
233 3122 373 3198 ἐπάμενος
391 3130 440 3183 Aa
459 3123 512 3182 σπό
535 3147 599 3192 ενος
616 3129 639 3182 Β
717 3135 749 3183 12
769 3123 1046 3200 ἀνασκευαζομένοις
1059 3128 1122 3199 (Db
1144 3125 1181 3192 et)

164 3201 323 3270 Stephanus
341 3194 506 3269 ἀναγκαζομ
522 3219 581 3262 νοις
595 3200 647 3253 ΑΒ
671 3194 859 3269 ἀναγομένοις
884 3201 1022 3268 Schaller3
1046 3219 1082 3257 an
1103 3197 1184 3252 infin.

164 3270 238 3326 ίέναι
262 3271 309 3326 vel
331 3266 429 3325 ἐλθεῖν
478 3272 523 3325 ost
545 3266 786 3339 ἀναγκαζομένοις
809 3271 929 3327 excidit?
1004 3278 1037 3326 15
1057 3263 1185 3340 στρατόν

164 3337 242 3410 ἄγων
260 3342 283 3395 Β
302 3337 421 3409 στρατὸν
440 3289 476 3396 δέ
492 3336 519 3396 ἀ.
538 3343 564 3396 R
645 3347 678 3395 18
707 3336 891 3412 ἐπιλαβόντος
920 3344 1030 3413 (Omg)
1056 3337 1188 3398 Sinbenis

164 3411 225 3467 Em,
244 3411 325 3466 Dion.
344 3411 383 3465 III
408 3429 435 3480 p.
456 3418 487 3466 11
517 3408 701 3482 ἐπιβαλόντος
724 3412 777 3465 ΑΒ
855 3419 888 3468 19
907 3415 1109 3486 προςχωρήσαν
1141 3411 1190 3463 Ba

165 3477 400 3550 προςχωρήσαντα
423 3482 449 3534 A
