2412 3912
135 186 178 250 72
560 192 725 244 -A-

198 347 382 415 XXXXVI.
416 344 519 416 Ἰλίου
544 351 774 436 κρατηθέντος
805 347 862 418 ὑπ’
894 348 1046 438 Ἀχαιῶν,
1073 356 1124 416 είιε

132 457 193 522 τοῦ
217 455 376 542 δουρείου
398 457 502 522 ἵππου
525 458 565 544 τῇ
591 453 714 544 ἀπάτη,
744 451 788 536 ῶς
804 453 935 548 Ὁμήρῳ
963 459 1127 541 πεποίηται,

133 569 197 629 είτε
220 564 260 650 τῇ
287 564 454 651 προδοσίᾳ
481 565 550 630 τῶν
570 560 821 651 Ἀντηνοριδῶν
849 572 914 632 εἴτε
937 561 1043 642 άλλως
1062 586 1128 645 τως,

131 665 169 736 τὸ
193 667 255 756 μὲν
274 666 355 736 ἀλλο
374 671 507 755 πλῆθος
526 670 563 736 ἐν
581 673 621 758 τῇ
640 668 736 738 πόλει
760 669 911 758 Τρωικόν
934 696 969 738 τε
992 669 1046 736 καὶ
1063 687 1128 753 συμ

105 772 274 862 δμαχικὸν
306 776 344 843 ἐν
376 788 448 856 ταῖς
481 773 597 856 εὐναῖς
625 781 672 844 ἐτι
699 773 1040 864 καταλαμβανόμενον
1069 775 1128 860 ἐφο

132 882 249 949 νεύετο
272 879 414 970 (νυκτὸς
441 879 505 970 γάρ
535 879 577 968 δὴ
601 880 639 951 τὸ
665 881 781 952 δεινὸν
805 881 1013 971 ἀφυλάκτοις
1034 877 1132 958 αι’ποίς

132 989 306 1074 ἐπιστῆναι
329 990 463 1076 ἔοικεν),
486 992 625 1070 Αἰνείας
657 988 695 1057 δὲ
717 990 773 1058 καὶ
806 992 841 1056 ολ
862 987 926 1058 σὺν
950 989 1041 1078 αὐτῷ
1062 1009 1131 1070 παρ-

132 1092 226 1173 όντες
259 1091 414 1162 Ἰλιεῦσιν
450 1096 623 1182 ἐπίκουροι
664 1099 775 1181 Τρῶες
815 1096 850 1163 ἐκ
888 1093 1075 1182 Δαρδάνου
1106 1117 1134 1158 τε

131 1198 260 1278 πόλεως
286 1200 342 1267 καὶ
360 1197 551 1288 ’Ὀφρυνίου
579 1205 647 1270 τῶν
676 1227 711 1270 τε
739 1200 852 1270 ἀλλων
881 1198 956 1270 ὅσοι
979 1204 1039 1288 τῆς
1059 1196 1135 1266 κάτω
1187 1205 1188 1284 λ

93 1325 118 1364 10
132 1306 259 1386 πόλεως
290 1303 511 1395 ἁλισκομένης
544 1312 701 1395 ἔφθασαν
738 1315 902 1395 αίσθησιν
937 1311 1000 1376 τοῦ
1035 1305 1137 1374 δεινοῦ
1188 1311 1189 1384 λ

132 1418 263 1499 λαβεῖν,
292 1415 346 1483 ἐπὶ
373 1411 413 1482 τά
441 1412 583 1504 καρτερὰ
612 1419 674 1484 τοῦ
701 1415 887 1504 Περγάμου
914 1413 1139 1504 συμφυγόντες
1189 1417 1190 1490 λ

132 1517 194 1607 τὴν
226 1518 410 1610 ἀκρόπολιν
443 1524 520 1613 ἰδίω
556 1527 656 1609 τείχει
689 1525 953 1611 φρουρουμένην
984 1528 1138 1605 καταλαμ
1190 1523 1191 1590 ί

132 1625 311 1712 βάνονται,
339 1630 376 1696 ἐν
404 1618 425 1716 ᾖ
449 1630 506 1696 καὶ
529 1626 602 1716 ίερά
630 1626 671 1696 τά
693 1638 830 1721 πατρῷα
852 1643 924 1708 τοῖς
950 1627 1084 1715 Τρωσὶν
1105 1617 1141 1711 ἦν
1191 1629 1192 1690 λ

132 1734 188 1802 καὶ
215 1733 393 1823 χρημάτων
418 1731 436 1802 ό
460 1732 565 1816 πολὺς
591 1738 751 1820 πλοῦτος,
782 1729 836 1803 οἷα
859 1733 948 1814 είκὸς
969 1736 1007 1803 ἐν
1031 1734 1143 1822 ἐχυρῷ,

94 1840 188 1931 ¹⁶uocl
211 1843 272 1908 τοῦ
300 1845 539 1929 στρατιωτικοῦ
562 1840 600 1911 τὸ
623 1842 821 1928 κράτιστον·
855 1846 941 1910 ἔνθα
964 1838 1143 1928 ὑπομένον-

132 1971 185 2026 τες
225 1943 452 2033 ἀπεκροόουτο
488 1946 568 2030 τοὺς
603 1951 833 2037 πειρωμένους
870 1951 1060 2034 ἐπιβαίνειν
1095 1948 1145 2031 τῆς

132 2051 236 2141 ἀκρας
266 2055 322 2121 καὶ
354 2052 392 2122 τὸ
426 2059 606 2125 διαπῖπτον
638 2053 703 2126 ὑπὸ
731 2059 791 2143 τῆς
821 2052 980 2135 ἁλώσεως
1015 2058 1185 2142 πλῆθοςιιε

133 2161 285 2251 ἐμπειρίᾳ
327 2165 510 2230 στενωπῶν
550 2160 757 2242 ὑποθέοντες
797 2161 1056 2250 ἀνελάμβανον·
1097 2158 1148 2226 καὶ

133 2268 272 2353 ἐγένετο
286 2271 348 2336 τοῦ
371 2271 648 2355 καταληφθέντος
670 2276 787 2337 πλεῖον
810 2267 848 2338 τὸ
873 2266 1057 2356 διαφυγόν.
1090 2263 1148 2351 τὴν

93 2399 120 2438 ιο
136 2372 197 2461 μὲν
227 2371 268 2461 δὴ
297 2370 416 2442 αὐτίκα
445 2372 553 2463 ὁρμὴν
581 2379 650 2444 τῶν
672 2380 860 2462 πολεμίων,
883 2371 926 2462 ἣν
950 2371 1043 2462 εἶχον
1069 2371 1149 2459 ὅλην

134 2479 382 2568 διαχρήσασθαι
410 2478 472 2568 τὴν
500 2479 621 2568 πόλιν,
648 2482 705 2549 καὶ
731 2479 770 2550 τὸ
797 2479 842 2569 μὴ
865 2485 933 2550 πᾶν
957 2483 991 2563 ἐξ
1019 2479 1149 2567 ἐφόδου

132 2590 393 2673 καταληφθῆναι
421 2584 459 2655 τὸ
487 2585 573 2656 ἀστυ
600 2591 699 2656 τοῦτο
726 2586 764 2656 τὸ
792 2586 972 2676 μηχάνημα
1004 2583 1151 2674 έξενρῶυ

133 2697 272 2772 Αἰνείας
295 2693 418 2779 ἐπέσχε.
448 2692 611 2781 λογισμὸν
631 2693 670 2763 δὲ
687 2690 747 2762 τὸν
766 2693 879 2764 είκότα
900 2696 977 2783 περὶ
995 2698 1057 2762 τοῦ
1076 2694 1151 2780 μέλ-

132 2805 252 2878 λοντος
281 2796 483 2886 λαμβάνων,
513 2795 559 2880 ῶς
587 2799 763 2888 ἀμήχανον
796 2810 847 2888 εἴη
877 2805 1013 2891 πρᾶγμα
1042 2802 1153 2868 σῶσαι

96 2928 121 2970 ιε
133 2904 246 2990 πόλιν,
269 2895 308 2991 ἧς
330 2902 370 2973 τὰ
392 2910 494 2974 πλείω
518 2904 583 2993 ἤδη
607 2910 790 2994 ἐκρατεῖτο,
813 2912 861 2990 εἰς
883 2913 969 2976 νοῦν
992 2906 1153 2993 βάλλεται

132 3014 193 3080 τοῦ
216 3010 278 3098 μὲν
301 3017 432 3097 τείχους
460 3011 588 3099 ἐρήμου
610 3017 851 3102 παραχωρῆσαι
874 3029 945 3094 τοῖς
967 3017 1153 3102 πολεμίοις,

206 3178 220 3225 1
241 3166 297 3226 ὑπὸ
321 3171 344 3224 Β
435 3177 451 3226 2
477 3172 575 3241 δορίου
594 3174 619 3226 A
649 3174 653 3242 Ι
685 3167 843 3240 δεδήλωται
861 3174 906 3227 Ba
934 3170 976 3262 χρ.
1000 3173 1158 3240 πεποίηται

133 3244 214 3313 Bmg
303 3242 372 3314 3τῇ
395 3243 491 3297 om.B
580 3249 599 3298 8
623 3240 725 3298 ίλιεῦοι
747 3243 793 3298 Ba
892 3251 907 3300 9
932 3246 1087 3314 οφρυνείου
1109 3244 1159 3298 Ba

170 3319 203 3368 15
224 3309 360 3368 ἐνόθαΒ
429 3319 461 3368 17
481 3308 538 3369 ἀπὸ
558 3331 581 3369 σ.
598 3313 706 3368 Reiske
780 3321 813 3370 18
833 3311 1032 3390 ἀνελάμβανον
1049 3313 1159 3384 Pflugk

134 3377 225 3438 ἀπελά
249 3385 337 3457 βανον
355 3383 408 3436 ΑΒ
488 3389 521 3438 19
550 3383 795 3452 καταλειφθέντος
822 3387 869 3441 Ba
893 3389 897 3456 l
923 3388 1080 3456 διαφεῦγον
1107 3385 1159 3440 Βα

170 3461 204 3509 25
225 3404 394 3523 έκεκράτητο
414 3472 437 3509 ο.
458 3453 547 3509 Οοθεδ
564 3455 632 3510 Obe-
652 3474 680 3524 p.
700 3461 735 3509 30
808 3463 842 3511 26
861 3459 1013 3528 πολεμίους
1031 3460 1055 3512 Α
