2408 3928
459 260 621 314 —B-

39 419 166 485 πολλῶν
180 419 287 499 ξένων
302 423 350 500 είς
367 417 430 508 τὴν
445 419 565 509 ἑορτὴν
579 421 735 506 γυναιξίν
750 419 821 508 ἅμα
836 422 891 489 καί
905 423 1046 508 τέκνοις,
1101 409 1170 508 μί’

39 521 144 611 ἐπειδὴ
175 523 234 606 τάς
265 551 301 594 τε
332 531 458 607 θυσίας
490 529 658 597 ἐπετέλεσε
692 531 737 620 τῷ
767 529 960 596 Ποσειδῶνι
990 528 1046 596 καλ

40 629 110 711 τοὺς
131 629 280 719 ἀγῶνας,
303 637 343 723 τῇ
366 639 539 725 τελευταίᾳ
561 638 629 704 τάν
652 632 803 724 ἡμερῶν,
825 624 846 725 ᾖ
871 633 1045 703 διαλύσειν

43 742 147 824 ἔμελλε
164 736 227 827 τὴν
249 739 454 829 πανήγυριν,
472 741 690 831 παράγγελμα
711 744 832 810 δίδωσι
853 755 924 821 τοῖς
945 742 1046 826 νέοις,

42 842 119 930 ἡνίκ’
144 841 189 914 ἂν
212 844 314 928 αύτὸς
336 846 401 937 άρη
424 847 462 917 τὸ
487 863 627 937 σημείου
650 845 809 938 ἁρπάζειν
838 846 897 928 τὰς
920 845 1044 934 παρού-
1072 875 1085 916 τ

41 970 92 1031 σας
114 953 166 1020 ἐπὶ
188 950 250 1040 τὴν
268 954 356 1022 θέαν
374 956 581 1041 παρθένους,
605 948 658 1035 αἷς
680 949 724 1023 ἂν
748 955 948 1043 ἐπιτύχωσιν
972 955 1045 1022 ἕκα·

41 1076 119 1144 στοι,
141 1060 206 1128 καλΧ
221 1059 404 1148 φυλάττειν
427 1058 533 1150 άγνὰς
555 1063 688 1150 ἐκείνην
710 1061 773 1151 τὴν
803 1062 922 1148 νύκτα,
945 1065 985 1150 τῇ
1011 1058 1042 1127 θ’

43 1165 104 1252 ἑξῆς
125 1163 234 1257 ἡμέρα
256 1165 342 1257 πρὸς
366 1166 488 1237 ἐαυτὸν
511 1167 618 1256 άγειν.
665 1171 700 1237 οί
720 1169 783 1257 μὲν
810 1167 852 1256 δὴ
876 1169 948 1237 νέοι
972 1170 1044 1235 δια·
1063 1167 1085 1234 5

45 1271 167 1354 στάντες
193 1272 276 1343 κατά
304 1274 512 1366 συστροφάς,
541 1273 656 1364 ἐπειδὴ
683 1273 721 1345 τὸ
751 1274 912 1362 σύνθημα
935 1271 1044 1363 άρθέν

41 1374 123 1446 είθον
153 1382 333 1470 τρέπονται
364 1379 450 1472 πρὸς
479 1381 542 1471 τὴν
570 1386 638 1452 τῶν
666 1383 850 1473 παρθένων
877 1377 1045 1470 άρπαγην,
1060 1409 1085 1449 ιο

39 1484 153 1574 ταραχὴ
178 1487 216 1556 θλ
238 1491 307 1558 τῶν
331 1490 437 1570 ξένων
461 1487 568 1571 εύθύς
586 1491 717 1576 ἐγένετο
736 1490 792 1557 καὶ
815 1487 907 1577 φυγὴ
931 1487 1044 1576 μεῖζόν

7 1601 68 1657 Ιοιτι
89 1591 191 1661 κακὸν
214 1591 458 1685 ὑφορωμένων.
498 1601 538 1687 τῇ
568 1595 600 1664 θ’
627 1597 701 1684 ἑξῆς
727 1593 834 1686 ἡμέρα
863 1603 1045 1683 προαχθει-

38 1701 100 1765 σῶν
130 1704 201 1768 τῶν
232 1705 432 1792 παρθένων,
469 1701 802 1792 παραμυθησάμενος
838 1699 950 1770 αὐτῶν
982 1700 1044 1788 τὴν

38 1801 181 1893 ἀθυμίαν
206 1804 426 1896 ὁῬωμύλος,
458 1806 502 1889 ὥς
526 1807 588 1879 ούκ
612 1807 665 1897 ἐφ’
691 1806 789 1900 ὕβρει
811 1813 871 1896 τῆς
893 1805 1045 1899 ἁρπαγῆς

38 1907 101 1978 ἀλλ’
126 1913 179 1980 ἐπὶ
203 1913 298 2005 γάμφ
321 1915 516 2004 γενομένης,
533 1913 734 2003 Ἑλληνικόν
760 1943 796 1985 τε
823 1917 878 1984 καὶ
902 1913 1043 2004 άρχαίον
1059 1939 1084 1981 15

38 2014 229 2106 ἀποφαίνων
252 2018 290 2090 τὸ
315 2025 397 2103 ἐθος
417 2023 474 2090 καὶ
497 2021 632 2112 τρόπων
656 2021 862 2111 συμπάντων
884 2019 964 2091 καθ’
985 2017 1046 2101 οὓς

38 2126 254 2197 συνάπτονται
273 2125 376 2216 γάμοι
393 2142 466 2207 ταῖς
484 2128 641 2214 γυναιξὶν
657 2129 932 2216 ἐπιφανέστατον,
946 2124 1044 2213 ἠξίου

38 2235 178 2320 στέργειν
201 2231 281 2313 τούς
296 2234 463 2313 δοθέντας
482 2231 598 2314 αύταίς
617 2232 747 2320 ἄνδρας
764 2230 829 2302 ὑπὸ
852 2235 912 2319 τῆς
928 2231 1043 2319 τύχης·

37 2340 81 2407 καί
103 2339 185 2427 μετὰ
212 2343 312 2409 τοῦτο
343 2338 572 2431 διαριθμήσας
598 2337 657 2420 τάς
683 2339 786 2428 κόρας
814 2339 985 2421 ἑξακοσίας
1007 2333 1082 2406 τε6

38 2448 82 2514 καὶ
104 2445 315 2535 ὀγδοήκοντα
337 2447 393 2516 καὶ
416 2461 505 2538 τρείς
527 2445 724 2536 εὑρεθείσας
746 2447 917 2527 κατέλεξεν
941 2436 1043 2525 αὖθις
1056 2465 1083 2504 20

39 2554 152 2624 ἐκτῶν
176 2553 318 2642 άγάμωυ
337 2552 467 2642 ἄνδρας
490 2559 705 2642 ἰσαρίθμους,
729 2546 780 2632 οἷς
798 2549 901 2631 αὐτάς
918 2550 1042 2639 συνήρ-

40 2685 122 2743 μοττε
158 2659 243 2730 κατά
278 2658 358 2741 τοὺς
397 2663 559 2748 πατρίους
601 2659 739 2746 ἑκάστης
775 2656 952 2747 ἐθισμούς,
990 2659 1042 2727 ἐπὶ

40 2773 188 2858 κοινωνίᾳ
210 2764 318 2855 πυρὸς
340 2768 396 2835 καὶ
419 2765 544 2848 ὕδατος
574 2767 705 2852 ἐγγυῶν
728 2763 807 2845 τοὺς
829 2763 973 2853 γάμους,
999 2761 1043 2845 ὡς

40 2874 199 2964 καὶμέχρι
222 2877 292 2942 τῶν
314 2871 396 2942 καθ’
421 2870 510 2962 ἡμᾶς
533 2875 763 2942 ἐπιτελοῦνται
786 2869 929 2959 χρόνων.

113 2983 234 3048 XXXI.
275 2984 387 3048 Ταῦτα
416 2979 453 3048 δὲ
476 2981 636 3066 γενέσθαι
663 2976 753 3057 τινὲς
780 2977 842 3065 μέν
870 2975 1041 3067 γράφουσι
1056 2997 1082 3038 2⁵

42 3083 108 3153 κατά
124 3087 185 3156 τὸν
203 3090 339 3176 πρῶτον
354 3084 513 3155 ἐνιαυτὸν
531 3082 772 3172 τῆςῬωμύλου
788 3081 903 3171 ἀρχῆς,
918 3089 1042 3163 Γναῖος

100 3298 278 3358 θέπετέλεσε
299 3301 322 3354 Β
341 3295 450 3355 ἐτέλεσε
469 3300 495 3353 Β
576 3304 591 3352 5
611 3299 677 3383 μίρη
694 3297 765 3351 ABa
842 3303 857 3352 6
877 3293 1042 3365 παρθένους

46 3360 81 3422 ἔτι
96 3368 144 3441 τὴν
160 3372 280 3429 θύανΒ
354 3366 531 3427 θὲαυτὸνΒ
551 3364 684 3423 αύτὸνΒ
758 3374 789 3421 11
811 3363 925 3436 ἐγένετο
944 3367 966 3420 Β
987 3363 1041 3452 ἐγί-

45 3445 134 3498 νετοΒ
205 3451 240 3499 14
259 3463 298 3506 ως
322 3460 376 3498 om.
395 3443 421 3496 A
500 3447 533 3495 15
556 3435 637 3512 γάμῳ
661 3386 843 3526 γυναικὸςΒ
927 3443 960 3492 16
980 3433 1042 3505 τρύ-

45 3530 126 3583 πονΑ
194 3538 228 3588 22
249 3527 421 3595 ἕκάστοιςο.
440 3523 579 3586 Reiske
564 3523 729 3596 εκάστηνσ
737 3511 885 3580 Bfl'cheler
