2408 3928
456 240 622 293 —B—

46 393 258 483 βουλεύματος
284 397 412 488 ἄρξασα
444 402 501 470 καὶ
532 399 594 488 τήν
621 397 816 488 ἡγεμονίαν·
838 403 961 485 ἔχουσα
988 401 1047 484 τῆς

45 508 206 591 πρεσβείας
218 501 371 594 Ἑρσιλία
389 505 519 596 μακράν
537 508 593 576 καί
613 509 775 594 συμπαθῆ
795 506 952 592 διεξῆλθε
971 506 1046 591 δέη-

47 629 106 694 σιν,
127 608 266 692 ἀξιοῦσα
289 619 495 701 χαρίσασθαι
521 611 583 701 τήν
610 614 752 702 εἰρήνην
774 627 847 692 ταῖς
870 613 1046 699 δεομέναις

47 715 115 805 ὑπὲρ
141 721 208 786 τῶν
238 716 391 808 ἀνδρῶν,
421 719 466 788 δι’
496 717 537 801 ἃς
563 723 782 808 ἐξενηνέχθαι
809 717 870 788 τὸν
896 717 1045 805 πόλεμον

48 822 231 911 ἀπέφαινεν·
253 825 308 914 ἐφ’
336 822 386 908 οἰς
414 828 453 897 δὲ
475 827 676 916 γενήσονται
705 830 848 906 δικαίοις
871 829 908 893 αἰ
930 822 1045 893 διαλύ-
1072 843 1085 886 ⁶

48 950 113 1017 θείς,
132 931 212 1013 τοῦς
235 931 404 1022 ἡγεμόνας
431 933 554 1014 αύτούς
581 932 815 1014 συνελθόντας
836 929 890 1020 ἐφ’
917 931 1046 1000 ἑαυτῶν

49 1039 346 1128 διομολογήσασθαι
373 1039 457 1130 πρὸς
483 1039 522 1111 τὸ
550 1044 649 1130 κοινή
682 1040 857 1128 συμφέρον
887 1036 1046 1124 ὁρῶντας.

121 1148 301 1216 XXXXVI.
343 1151 489 1217 Τοιαῦτα
516 1151 672 1217 εἰποῦσαι
699 1145 893 1237 προύπεσον
921 1143 1047 1214 ἅπασαι

50 1255 103 1320 τόν
123 1256 183 1322 τοῦ
206 1256 371 1340 βασιλέως
393 1254 549 1341 γονάτων
572 1253 641 1344 ἅμα
658 1268 730 1334 τοῖς
749 1256 879 1333 τέκνοις
900 1254 957 1320 καί
981 1254 1047 1321 διέ·

49 1385 136 1443 μενον
159 1363 370 1449 ἐρριμμέναι,
391 1365 474 1442 τέως
501 1360 690 1448 ἀνέστησαν
717 1359 822 1441 αύτδις
848 1363 884 1429 έκ
906 1364 965 1446 τής
986 1362 1048 1445 γῆς
1062 1387 1089 1427 ιο

48 1469 77 1531 οἰ
88 1466 247 1555 παρόντες
269 1465 403 1537 ἅπαντα
425 1467 580 1555 ποιήσειν
602 1467 643 1536 τά
666 1469 784 1555 μέτρια
806 1468 862 1536 καὶ
881 1464 964 1553 (τά)
989 1471 1048 1534 δυ-

47 1570 117 1638 νατὰ
134 1570 410 1661 ὑπισχνούμενοι.
452 1574 737 1662 μεταστησάμενοι
757 1574 795 1642 δέ
813 1571 915 1654 αύτδις
934 1576 970 1642 έκ
987 1576 1049 1643 τοῦ

47 1683 217 1766 συνεδρίου
245 1681 302 1749 καὶ
333 1681 603 1769 βουλευσάμενοι
634 1679 714 1749 καθ’
739 1677 878 1760 ἑαυτούς
911 1685 1048 1769 ἔκριναν

46 1795 206 1855 ποιεῖσθαι
232 1786 292 1866 τὰς
315 1787 507 1874 διαλλαγάς.
551 1789 607 1856 καὶ
634 1793 790 1873 γίνονται
815 1800 887 1867 τοῖς
909 1793 1048 1856 ἔθνεσιν

46 1891 207 1980 ἐκεχειρίαι
231 1893 293 1981 μέν
316 1899 466 1982 πρῶτον·
499 1899 610 1964 ἔπειτα
633 1892 875 1962 συνελθόντων
897 1898 966 1963 τῶν
989 1900 1048 1980 βα·
1065 1917 1089 1958 ιε

17 2001 158 2068 κισιλέων
182 2005 354 2089 συνθῆκαι
382 2004 458 2090 περὶ
486 2008 609 2090 φιλίας.
654 1993 698 2087 ήν
727 2000 765 2069 δέ
794 1999 834 2070 τά
862 2000 1084 2088 σννομολο-2

46 2109 181 2190 γηθέντα
208 2123 280 2188 τοῖς
307 2107 469 2198 άνδράσι,
496 2110 572 2198 περὶ
600 2100 650 2177 ὧν
677 2106 756 2186 τοὺς
785 2104 908 2194 ὅρκους
937 2105 1048 2194 έποιή-

47 2230 145 2301 σαντα,
168 2213 297 2283 τοιάδε·
320 2216 479 2302 βασιλέας
501 2213 564 2302 μέν
583 2211 671 2282 εἰναι
684 2210 859 2300 Ῥωμαίων
876 2211 1048 2300 Ῥωμύλον

46 2320 91 2386 καί
114 2320 238 2390 Τάτιον
263 2321 457 2409 ἰσοψήφους
478 2320 580 2401 ’ὄντας
601 2321 657 2390 καί
679 2318 776 2408 τιμάς
793 2323 1048 2408 καρπουμένους

46 2422 93 2506 τὰς
109 2437 193 2515 ἴσας,
207 2436 387 2497 καλεῖσθαι
407 2428 446 2496 δὲ
458 2426 520 2516 τὴν
535 2427 597 2516 μὲν
611 2427 712 2497 πόλιν
728 2427 781 2496 έπί
798 2431 861 2496 τοῦ
874 2432 1048 2508 κτίσαντος
1062 2452 1088 2493 κο

47 2531 77 2599 τὸ
96 2533 175 2606 αὐτὸ
199 2535 441 2624 φυλάττουσαν
461 2534 570 2624 ὄνομα
588 2532 731 2624 Ῥάμην,
749 2535 806 2614 καὶ
826 2536 886 2602 ἕνα
908 2536 1048 2604 ἕκαστον

48 2645 103 2709 τόν
128 2645 166 2711 έν
194 2641 279 2732 αὐτῇ
306 2647 454 2712 πολιτῶν
477 2640 658 2729 Ῥωμαίου,
691 2638 737 2721 ὡς
763 2639 944 2730 πρότερον,
970 2640 1051 2722 τοὺς

48 2746 79 2814 δὲ
100 2749 295 2838 σύμπαντας
327 2750 380 2818 έπί
405 2752 465 2836 τής
496 2753 619 2817 Τατίου
647 2750 810 2836 πατρίδος
837 2753 936 2838 κοινή
960 2773 1050 2836 περι-

49 2860 313 2945 λαμβανομένους
339 2855 455 2943 κλήσει
487 2860 649 2943 Κυρίτας·
680 2853 870 2923 πολιτεύειν
904 2853 942 2922 δέ
972 2853 1050 2935 τοῦς
1090 2947 1092 2952 Ι

50 2966 264 3052 βουλομένους
292 2967 455 3048 Σαβίνων
488 2964 525 3029 έν
544 2958 652 3050 Ῥώμη
681 2960 754 3047 ἰερά
786 2987 822 3030 τε
850 2979 1050 3049 συνενεγκα-
1064 2989 1090 3031 ει

52 3071 158 3151 μένους
184 3070 241 3138 καὶ
270 3073 318 3148 εἰς
345 3066 457 3156 φυλάς
477 3069 535 3137 καὶ
567 3073 614 3148 εἰς
641 3067 794 3157 φράτρας
821 3071 1049 3148 ἐπιδοθέντας.

111 3295 306 3370 δάπέφαινεν
329 3301 383 3358 δελ.
408 3300 536 3356 Ηεκθλοὶο
558 3299 675 3356 Hermen
694 3300 720 3354 X
743 3317 770 3369 p.
790 3305 843 3353 410
922 3305 955 3353 10
980 3295 1051 3360 τέως

53 3367 115 3424 λΒε
134 3370 185 3435 ἕως
203 3373 251 3428 Bb
335 3379 367 3426 11
392 3366 448 3426 *τά
473 3371 570 3426 addidi
593 3389 647 3428 om.
674 3370 696 3425 Ο
781 3375 813 3424 15
838 3365 1051 3438 έκκεχειρίαιΒ

54 3443 251 3572 ήήςβήσιὶήὲήρῖω
308 3451 342 3500 26
362 3442 404 3507 εἰς
428 3440 597 3514 φράτραςΒ
626 3440 667 3504 εἰς
686 3459 739 3498 om.
758 3442 784 3494 R
808 3441 813 3512 Ι
840 3436 1051 3509 έπιδιαιρεθέν-
