2412 3912
453 203 620 255 -A-
1005 199 1045 264 81

14 366 137 436 ιοενείου
148 360 339 449 λεγόμενον,
362 362 418 428 καὶ
433 358 515 430 αὐτὸ
530 366 668 441 θυσίαις
683 363 860 448 ἐγέραιρον
875 363 912 428 αί
928 360 1051 430 καλοό-

51 495 136 555 μεναι
154 467 229 556 παρ’
257 466 371 548 αὐτοῖς
394 465 591 555 ἀμφίπολοι.

105 577 153 643 LI.
170 573 223 643 Ἐκ
248 574 286 643 δὲ
305 574 506 664 Ἀμβρακίας
526 573 678 663 Ἀγχίσης
701 575 762 664 μὲν
781 572 841 654 τάς
861 578 946 654 ναός
965 580 1050 664 ἔχων

49 679 126 770 παρά
149 685 211 769 γῆν
250 681 469 770 κομιζόμενος
506 686 554 762 είς
589 680 800 771 Βουθρωτὸν
837 683 957 768 λιμένα
991 685 1052 768 τῆς

48 787 187 878 Ἠπείρου
218 789 414 876 κατάγεται,
447 793 586 869 Αἰνείας
620 789 657 858 δέ
688 791 744 857 καὶ
773 791 808 858 οί
833 786 1078 876 άκμαιότατοιο

50 895 102 964 σὺν
132 895 216 988 αὐτῷ
249 901 312 965 τοῦ
345 899 489 986 στρατοῦ
528 894 750 974 διανύσαντες
782 892 916 982 ἡμερῶν
954 899 1050 963 δυείν

52 1000 120 1070 ὁδὸν
145 1007 191 1083 είς
214 1003 395 1090 Δωδώνην
423 1001 649 1091 ἀφικνοῦνται
677 1002 881 1091 χρησόμενοι
910 1006 956 1094 τῷ
980 1005 1050 1094 θεῷ

55 1110 101 1175 καὶ
118 1110 427 1198 καταλαμβάνουσιν
451 1109 577 1179 αὐτόθι
596 1113 712 1198 Τρῶας
731 1107 811 1189 τοὺς
834 1106 898 1178 σὺν
916 1107 1051 1200 Ἑλένῳ.

51 1212 231 1304 ἀνελόμενοι
261 1216 299 1285 δὲ
331 1215 502 1304 χρησμοὺς
533 1217 610 1305 περὶ
637 1221 697 1303 τῆς
724 1213 879 1295 ἀποικίας
907 1216 963 1283 καὶ
990 1213 1051 1284 τόν

46 1321 120 1391 θεόν
142 1322 340 1412 ἀναθήμασι
365 1323 602 1412 δωρησάμενοι
621 1330 782 1410 Τρωικοῖς
800 1320 915 1401 ἀλλοις
937 1348 973 1390 τε
994 1323 1051 1390 καὶ
1066 1353 1093 1393 ιο

43 1423 193 1518 κρατῆρσι
220 1438 371 1517 χαλκοῖς,
400 1421 449 1498 ἀν
476 1455 567 1510 τινες
590 1435 637 1498 ἔτι
665 1435 829 1518 περίεισιν
853 1429 1053 1515 ἐπιγραφαῖς

41 1536 124 1604 πάνυ
159 1535 314 1626 ἀρχαίαις
352 1540 536 1623 δηλοῦντες
571 1535 650 1618 τοὺς
686 1536 896 1615 ἀναθέντας,
929 1535 982 1604 ἐπὶ
1014 1532 1052 1602 τδ

39 1641 194 1712 ναυτικόν
240 1643 467 1731 ἀφικνοῦνται
517 1643 684 1734 τεττάρων
729 1643 872 1731 μάλιστα
917 1640 1052 1730 ἡμερῶν

38 1749 229 1830 διελθόντες
260 1748 354 1819 ὁδόν.
401 1754 502 1837 δηλοῖ
533 1751 570 1819 δὲ
601 1751 658 1819 καὶ
684 1748 747 1838 τὴν
771 1755 819 1830 είς
842 1747 1053 1837 Βουθρωτὸν

35 1861 97 1926 τῶν
117 1855 246 1945 Τριόων
268 1863 460 1946 παρουσίαν
484 1857 590 1945 λόφος
612 1883 672 1944 τις,
696 1849 723 1926 ά
742 1856 818 1926 τότε
838 1857 1051 1946 στρατοπέδῳ
1067 1885 1092 1924 ιι

36 1962 228 2051 ἐχρήσαντο,
252 1971 356 2052 Τροία
374 1964 591 2052 καλούμενος.
625 1968 660 2033 ἐκ
680 1965 718 2032 δὲ
732 1966 945 2051 Βουθρωτοῦ
962 1959 1053 2050 παρά
1071 1974 1092 2038 2

33 2074 92 2156 γῆν
115 2073 340 2158 κομισθέντες
363 2069 441 2159 άχρι
466 2074 602 2159 λιμένος
622 2070 777 2159 Ἀγχίσου
801 2070 862 2158 μὲν
877 2069 951 2138 τότε
976 2067 1052 2136 όνο-

33 2179 245 2262 μασθέντος,
286 2181 353 2245 νῦν
397 2175 433 2244 δ’
476 2177 710 2266 ἀσαφεστέραν
753 2183 889 2265 ἔχοντος
930 2174 1053 2262 όνομα-

10 2290 135 2369 εισίαν,
168 2282 264 2374 ἱερὸν
294 2285 351 2351 καὶ
380 2281 505 2352 αὐτόθι
527 2289 586 2371 τῆς
610 2282 808 2371 Ἀφροδίτης
832 2283 1052 2370 ἱδρυσάμενοι

33 2392 205 2477 διαίρουσι
238 2389 299 2460 τὸν
328 2389 454 2459 Ἰόνιον
483 2389 652 2478 ἡγεμόνας
690 2396 821 2478 ἔχοντες
847 2394 906 2476 τῆς
936 2415 1050 2458 ναυτι-
1066 2415 1093 2456 ιο

32 2500 116 2582 λίας,
153 2502 192 2566 οἳ
223 2499 458 2566 συνέπλευσαν
493 2496 607 2577 αὐτοῖς
634 2495 833 2566 έθελοάσιοι,
852 2496 1052 2564 συνεπισπό-

31 2628 143 2690 μενοι,
179 2601 262 2682 τοδς
295 2602 359 2673 σὺν
387 2603 551 2692 Πάτρωνι
578 2607 624 2696 τῷ
657 2609 810 2695 Θουρίῳ·
846 2605 902 2672 καὶ
938 2603 1052 2673 αὐτῶν

10 2713 65 2782 ιιοί
93 2709 161 2797 μὲν
200 2715 353 2797 πλείους,
391 2711 506 2800 ἐπειδὴ
544 2716 632 2791 σῶος
670 2709 688 2779 ό
722 2709 861 2798 στρατός
895 2715 942 2792 είς
971 2711 1052 2780 Ἰτα-

29 2821 101 2884 λίαν
135 2815 302 2905 άφίκετο,
335 2816 385 2887 ἐπ’
412 2829 508 2888 οίκου
536 2811 640 2898 αὖθις
667 2816 958 2905 ἀνεκομίσθησαν,
981 2819 1053 2886 Πά-

28 2947 115 3006 τρων
153 2923 195 2992 δὲ
222 2927 376 3013 πεισθεὶς
402 2924 458 2994 ὑπ’
491 2931 632 2994 Αἰνείου
659 2941 839 2995 κοινωνεῖν
868 2928 928 3012 τῆς
957 2925 1052 2995 ἀποι-
1067 2959 1092 3000 ιι

95 3125 115 3172 4
137 3115 303 3191 βουτρωτόν
330 3121 376 3176 Ba
408 3117 568 3193 βοότρωτον
586 3121 633 3176 Bb
719 3129 735 3176 6
763 3123 845 3177 δυεῖν
872 3123 895 3176 Β
923 3125 1005 3177 δυοῖν
1028 3125 1053 3178 Β

30 3193 57 3240 10
76 3189 131 3244 καί
152 3207 211 3260 qm.
231 3194 256 3246 A
331 3199 435 3247 14-16
454 3196 581 3261 δηλοῖ-
593 3188 768 3262 καλούμενος
787 3210 841 3249 om.
861 3195 1012 3264 Opraeter
1029 3195 1051 3247 Β

60 3266 93 3314 15
115 3262 236 3318 ποτὲΒ
261 3279 333 3318 corr.
357 3263 500 3334 Kiessling
574 3271 606 3320 16
631 3261 791 3337 βουτράτου
814 3267 837 3320 Β
912 3267 945 3318 18
964 3283 1051 3334 σαφε-

29 3330 132 3399 στέραν
162 3335 188 3387 Β
279 3341 315 3390 20
339 3337 508 3405 Ακαρνάνας
540 3335 603 3390 add.
635 3337 700 3406 post
737 3337 882 3398 ναυτιλίας
909 3335 1053 3405 Kiessling

58 3407 90 3457 21
115 3403 365 3476 συνεπισπόμενοι
383 3424 404 3462 ο.
426 3407 538 3476 Βεὶελςε,
557 3407 702 3462 Μοολευον
720 3409 790 3462 Ann.
800 3407 870 3476 phil.
882 3411 951 3462 1877
962 3425 987 3476 p.
999 3413 1051 3462 826

28 3487 279 3547 σννεπισπομενοι
298 3478 322 3532 Ο
396 3485 429 3533 22
448 3480 541 3550 θυρίῳ
560 3495 583 3534 ο.
602 3477 731 3534 Meineke

74 3583 187 3626 mom.
202 3588 266 3628 Ηιιι.
281 3587 301 3626 1.
320 3596 359 3626 nn.
374 3587 475 3628 λεοοοτ.
874 3571 890 3618 6
