2412 3912
460 205 626 258 -ι-
1008 206 1050 272 21

20 383 41 434 σε
55 363 271 455 μυθογράφων
294 371 376 454 περί
394 391 429 435 τε
453 363 618 452 οίκήσεως
635 365 691 434 καλ
713 367 835 452 γένους
856 369 925 435 τῶν
945 366 1052 436 θίνοό-

54 498 128 558 τρων
151 470 288 540 τοιαὺτά
313 473 423 541 ἐστιν·
452 466 503 552 οἷς
526 469 590 558 έγοὺ
613 470 833 560 πειθόμενος,
855 476 887 541 εί
907 476 954 564 τῷ
978 471 1051 543 ὄντι

51 577 228 665 Ἑλληνικὸν
252 583 365 666 φῦλον
388 570 433 667 ἦν
455 577 493 647 τὸ
516 582 585 648 τῶν
601 577 833 667 Ἀβοριγίνων,
855 575 901 658 ὦς
915 578 1053 649 Κάτωνι

54 686 102 753 καὶ
129 691 335 779 Σεμπρωνίῳ
362 685 419 754 καὶ
445 692 583 766 πολλοῖς
609 685 725 768 ἀλλοις
751 694 896 773 είρηται,
922 685 1053 754 τούτων

54 798 180 878 ἔγγονον
193 791 391 862 αὐτῶντῶν
407 791 590 883 Οίνότρων
604 792 817 881 ὑποτίθεμαι.
859 789 897 861 τὸ
920 789 985 879 γὰρ
1009 791 1079 879 θίγε

53 897 248 986 Πελασγικὸν
271 897 384 970 καὶτὸ
403 896 575 987 Κρητικὸν
598 900 654 968 καλ
677 897 741 968 ὅσα
763 897 849 966 ἀλλα
872 899 910 966 έν
929 896 1052 993 Ἰταλίᾳ

55 1004 185 1095 ᾤκησεν,
217 1004 371 1094 ὑστέροις
402 1003 545 1094 εὑρίσκω
580 1005 718 1093 χρόνοις
749 1003 947 1092 ἀφικόμενα.
991 1030 1052 1074 πα-

57 1111 209 1199 λαιότερον
235 1112 273 1182 δέ
295 1113 419 1182 τούτου
447 1112 570 1182 στόλον
599 1109 836 1181 ἀπαναστάντα
859 1115 918 1199 τῆς
937 1109 1052 1180 Ἐλλά-

54 1221 105 1298 θος
129 1223 171 1299 είς
196 1216 238 1287 τὰ
266 1221 491 1307 προσεσπέρια
518 1221 578 1306 τῆς
600 1215 767 1305 Εὑροόπης
796 1215 920 1286 οὐθένα
949 1217 1051 1287 θόνα-

48 1352 101 1410 μαι
126 1334 341 1413 καταμαθεῖν.
386 1323 465 1404 τοὺς
502 1323 540 1392 δὲ
574 1323 768 1413 Οίνοότρους
795 1327 854 1410 τῆς
887 1322 917 1392 τ’
949 1306 1094 1434 ἀλληςιξ

46 1428 174 1512 Ἰταλίας
195 1429 303 1501 πολλὰ
326 1436 432 1519 χωρία
447 1439 560 1519 οἴομαι
573 1443 763 1518 κατασχεῖν,
786 1427 828 1499 τά
851 1428 913 1517 μὲν
937 1436 1054 1520 ἔρημα,

45 1535 79 1605 τά
105 1537 143 1605 δὲ
174 1536 314 1624 φαύλως
346 1536 528 1623 οἰκούμενα
554 1534 820 1624 καταλαβόντας,
847 1539 903 1606 καλ
928 1535 970 1626 δὴ
997 1538 1053 1606 καλ

44 1648 96 1730 της
119 1641 304 1732 Ὀμβρικῶν
332 1647 394 1730 γῆς
421 1645 512 1712 ἐστιν
540 1638 584 1731 ἢν
612 1641 854 1731 ἀποτεμέσθαι,
883 1647 1053 1731 κληθῆναι

44 1749 76 1818 δὲ
91 1748 301 1838 Ἀβοριγῖνας
319 1751 372 1818 ἐπὶ
390 1754 449 1837 τῆς
468 1751 505 1818 έν
523 1764 595 1829 τοῖς
613 1747 729 1834 ὄρεσιν
749 1750 910 1839 οἰκήσεως
924 1749 1053 1841 (Ἀρκα-

44 1855 133 1926 δικὸν
147 1854 212 1945 γάρ
226 1855 264 1925 τὸ
285 1865 488 1945 φιλοχωρεῖν
504 1859 587 1944 <έν>
608 1855 748 1948 ὄρεσιν),
767 1855 813 1938 ὥς
830 1856 1054 1948 ὑπερακρίους
1068 1879 1095 1921 ιο
1194 1933 1195 1936 ¹

41 1963 128 2044 τινὰς
149 1964 206 2032 καλ
230 1969 416 2051 παραλίους
435 1961 631 2050 Ἀθήνησιν.
661 1968 693 2032 εί
715 1965 756 2032 δέ
775 1991 865 2044 τινες
886 1965 1053 2053 πεφύκασι
1071 1970 1094 2034 4

40 2069 80 2156 μὴ
105 2084 216 2158 ταχεῖς
243 2067 331 2138 εἶναι
362 2070 438 2157 περὶ
470 2069 675 2157 πραγμάτων
707 2075 859 2139 παλαιῶν
892 2069 1054 2157 ἀβασανί-

10 2185 25 2234 W
41 2197 121 2257 στως
141 2176 183 2245 τά
206 2175 372 2263 λεγόμενα
397 2178 571 2263 θέχεσθαι,
594 2173 639 2263 μὴ
662 2191 772 2263 ταχεῖς
795 2182 945 2246 ἔστωσαν
968 2176 1054 2266 μηδὲ

39 2289 166 2369 Λίγυας
188 2279 209 2370 ἢ
232 2280 428 2372 Ὀμβρικοὺς
454 2277 476 2369 ἢ
505 2279 630 2361 ἀλλους
656 2279 751 2362 τινὰς
776 2283 971 2372 βαρβάρους
993 2281 1053 2351 αὑ-

38 2388 111 2470 τοὺς
138 2395 294 2477 νομίσαι,
320 2394 572 2477 περιμείναντες
595 2387 633 2455 δὲ
655 2389 711 2456 καὶ
742 2386 782 2457 τὰ
805 2387 904 2457 λοιπὰ
928 2397 1052 2476 μαθεῖν
1067 2419 1096 2460 νο

36 2498 242 2583 κρινέτωσαν
267 2497 300 2577 ἐξ
323 2493 482 2564 ἀπάντων
505 2491 543 2564 τὸ
566 2494 816 2564 πιθανώτατον.

120 2604 231 2672 ΧΠΠ.
259 2606 334 2670 Τῶν
359 2601 396 2670 δὲ
418 2600 562 2686 πόλεων,
586 2602 623 2669 έν
639 2596 692 2681 αἷς
713 2600 751 2670 τὸ
767 2605 902 2689 πρῶτον
917 2598 1053 2693 ςόκησαν

33 2705 249 2797 Ἀβοριγῖνες,
274 2705 385 2795 όλίγαι
406 2712 572 2796 περιῆσαν
590 2706 640 2776 ἐπ’
666 2711 765 2795 έμοὺ·
788 2711 825 2776 αί
847 2708 884 2777 δὲ
902 2717 1054 2777 πλεῖσται

35 2813 93 2884 ὑπό
123 2841 162 2884 τε
190 2816 349 2902 πολέμων
375 2815 433 2883 καλ
459 2813 573 2883 ἀλλων
604 2819 717 2884 κακῶν
746 2819 1054 2904 οἰκοφθορηθεῖσαι

99 2983 116 3032 2
138 2973 257 3030 είσινΒ
329 2975 461 3029 4τοὺτο·
483 2971 600 3044 ἔγγονον
619 2970 755 3030 αάτάνΒ
828 2973 983 3044 ὅέκγονον
1002 2976 1053 3029 Ur·

33 3048 98 3105 licha
117 3048 180 3102 Εοε
198 3046 255 3116 Ip.
274 3051 326 3100 309
343 3049 347 3113 Ι
364 3039 435 3100 αὑτὸ
459 3041 490 3100 τὸ
509 3045 621 3102 Βάλευλι]
641 3048 645 3114 Ι
667 3042 817 3115 Οίνάτρων
835 3043 953 3119 (εἶναι)
972 3046 1054 3101 Gras-

33 3121 129 3191 berger
150 3118 231 3172 Τεεε.
250 3114 366 3186 Herbip.
395 3135 422 3186 p.
450 3123 483 3172 10
513 3119 517 3186 Ι
549 3115 713 3188 *πείθομαι
737 3117 760 3172 O
795 3120 913 3188 τίθεμαι
940 3117 1054 3185 Reiske,

33 3191 137 3260 Kayser
167 3182 261 3242 τάττω
291 3185 409 3256 ἔγγονον
437 3181 508 3241 αάτό
538 3187 594 3242 τῶν
623 3183 773 3258 Οίνοότρων
796 3189 890 3245 deleto
913 3192 1053 3257 πείθομαι

32 3261 145 3332 Madvig
171 3258 247 3313 Adv.
267 3259 280 3312 1
302 3276 329 3328 p.
348 3264 399 3313 722
483 3254 570 3326 6τὴν
591 3253 710 3314 Ἰταλίαν
733 3255 835 3332 ᾤκισεν
864 3275 887 3312 c.
911 3258 1054 3328 Kiessling

62 3341 77 3390 8
96 3324 392 3398 ἀπαναστήσανταΒ
472 3335 506 3384 14
530 3325 618 3384 ἕπλΒ
641 3324 698 3384 ἀπὸ
718 3331 744 3385 R
768 3335 772 3399 Ι
797 3325 936 3400 ἀρχαικὸν
959 3347 982 3383 c.
1002 3328 1054 3384 Ga-

34 3406 181 3467 ειυλιοωιιε,
193 3399 298 3456 Reiske
354 3406 387 3455 15
406 3399 609 3470 φιλοχωρεῖνΟ
628 3405 795 3471 φιλοχωρεῑ.
806 3401 859 3455 νΒ
877 3395 936 3454 *έν
955 3399 1054 3455 addidi

64 3485 95 3533 23
115 3471 288 3547 ἀβοριγῖνες
307 3469 354 3526 ΑΒ
373 3467 534 3543 ἀβοριγίνες
553 3470 600 3526 OD
619 3473 649 3526 et
668 3471 757 3528 Cobet
775 3470 839 3528 obs.
859 3489 885 3540 p.
905 3476 949 3527 2³.
