2404 3918
469 212 633 264 -Γ-
991 208 1055 276 321

30 367 147 455 ἀγεόν,
172 363 311 448 οἷςτισιν
335 371 372 438 ἐν
396 374 469 438 έθει
492 371 699 456 καθέστηκεν
721 368 886 457 ἀρχεσθαι
909 368 969 458 ὑφ’
991 371 1057 442 ἐτέ-

32 503 112 564 ρων
136 477 193 544 καὶ
217 473 310 558 ὅσοις
332 475 492 564 τοιαύτην
513 482 684 546 πολιτείαν
708 480 744 546 οί
759 479 896 565 πατέρες
917 479 1057 564 παρέδο-

35 603 116 650 σαν.
160 582 334 671 ἐλεύθεροι
357 581 421 671 γὰρ
445 586 478 666 ἐξ
501 585 692 672 ἐλευθέρων
717 589 844 672 ἔφυμεν
866 585 921 652 καὶ
942 581 1057 672 ἀρχειν
1071 586 1110 651 19

33 694 109 758 τῶν
133 695 326 777 προσοίκων
344 693 538 776 παρέδοσαν
560 687 642 779 ἡμῖν
667 694 702 760 οί
716 693 855 779 πατέρες
876 689 963 778 δμού
982 693 1058 778 <τι>

35 795 246 866 πεντακόσια
270 802 326 885 ἒτή
348 802 448 867 τοῦτο
466 796 504 867 τὸ
529 803 638 886 σχήμα
655 801 717 867 τοῦ
734 803 814 885 βίου
833 797 1086 886 διαφυλάξανό

37 931 106 990 τες,
127 895 169 973 οὗ
187 903 232 992 μή
252 902 533 993 ἀποστερήσωμεν
546 903 640 993 ἡμεῖς
656 903 735 986 τούς
754 904 923 992 ἐκγόνους.
955 929 1060 992 παρα-

41 1011 169 1100 στήδέ
192 1013 312 1099 μήδενί
339 1010 437 1100 ὑμῶν
465 1014 542 1092 δέος
568 1008 612 1080 ἀν
639 1016 744 1082 ταῦτα
774 1014 874 1101 ἐθέλῃ
903 1011 1060 1099 πράττειν

42 1117 87 1205 μή
113 1118 290 1206 συνθήκας
312 1145 347 1188 τε
370 1118 455 1209 λύσή
474 1120 530 1189 καί
554 1117 675 1209 ὅρκους
697 1116 776 1198 τοὺς
798 1116 848 1188 ἐπ’
870 1116 986 1198 αὐταῖς
1009 1145 1061 1205 γε-

43 1226 213 1312 νομένους
235 1230 380 1315 παραβῇ,
404 1224 477 1296 ἀλλ’
499 1229 685 1295 ἐννοείσθω
710 1225 797 1294 διότι
819 1223 878 1306 τὰς
899 1223 964 1295 ὑπὸ
984 1222 1062 1294 Ῥω-

50 1337 156 1417 μαίων
180 1336 364 1420 λελυμένας
392 1338 439 1414 είς
466 1331 504 1402 τὸ
533 1335 566 1415 ἐξ
593 1331 697 1421 ἀρχῆς
719 1331 983 1421 ἀποκαταστήσει
1006 1334 1061 1402 καί
1076 1349 1102 1388 1⁰

49 1436 91 1506 ού
112 1437 170 1519 τάς
193 1467 231 1526 γε
255 1443 430 1528 ἐλαχίστου
453 1438 557 1526 ἀξίας,
580 1437 654 1511 ἀλλ’
676 1436 716 1520 ἀς
737 1438 760 1528 ή
783 1465 817 1509 τε
835 1438 938 1528 φύσις
960 1437 981 1528 ή
1004 1438 1063 1508 ἀν·

46 1552 201 1630 θρωπεία
222 1546 445 1634 κατεστήσατο
472 1548 529 1615 καί
552 1544 570 1616 ὁ
593 1545 731 1616 πάντων
757 1543 873 1626 κοινός
891 1543 1063 1634 Ἑλλήνων

46 1678 81 1720 τε
104 1653 162 1721 καὶ
184 1651 365 1742 βαρβάρων
387 1657 523 1739 βεβαιοῖ
542 1651 658 1741 νόμος,
681 1650 798 1740 ἀρχειν
816 1653 872 1722 καί
890 1651 931 1722 τά
953 1657 1064 1722 δίκαια

46 1758 179 1828 τάττειν
207 1756 287 1840 τούς
312 1761 456 1847 πατέρας
486 1773 557 1841 τοῖς
587 1757 740 1846 ἐκγόνοις
767 1760 823 1827 καὶ
854 1756 912 1839 τάς
943 1786 1064 1847 μητρο-

47 1865 163 1945 πόλεις
184 1879 257 1946 ταῖς
279 1861 455 1946 ἀποικίαις.
505 1861 627 1945 ταύτας
656 1863 697 1953 δή
725 1864 784 1945 τάς
812 1865 986 1952 συνθήκας
1010 1837 1118 1964 ού-ῗὲ)

50 1976 168 2054 δέποτε
195 1970 509 2059 ἀναιρεθησομένας
539 1973 574 2040 ἐκ
605 1974 663 2059 τῆς
690 1969 906 2058 ἀνθρωπείας
932 1973 1066 2061 φύσεως

52 2078 112 2168 ούχ
140 2078 234 2168 ἡμεῖς
263 2082 298 2147 οί
321 2084 440 2167 κυρίας
466 2075 639 2160 ἀξιοῦντες
666 2079 735 2148 αίεὶ.
761 2081 934 2167 διαμένειν
961 2105 1066 2167 παρα-

52 2191 283 2274 σπονδοῦμεν,
307 2184 381 2254 οὐδ’
407 2183 451 2254 ἀν
474 2212 525 2266 τις
546 2182 628 2272 ἡμῖν
651 2188 745 2255 θεῶν
770 2181 791 2273 ή
817 2185 990 2274 δαιμόνων
1013 2213 1067 2256 νε-

54 2293 228 2382 μεσήσειεν
257 2290 301 2375 ἀς
335 2291 457 2362 ἀνόσια
489 2291 694 2380 πράττουσιν
726 2297 758 2361 εί
789 2291 966 2362 δουλεύειν
998 2306 1068 2373 τοῖς

7 2404 158 2480 481ίδίοις
181 2398 333 2486 ἐκγόνοις
353 2402 682 2487 δυσανασχετοῦμεν,
705 2396 779 2466 ἀλλ’
806 2403 842 2468 oc
861 2399 1067 2468 καταλύσαν-
1083 2422 1109 2461 2⁰

60 2533 111 2586 τες
133 2504 407 2595 αύτάςάρχήθεν
434 2505 490 2572 καί
514 2510 599 2596 ἔργῳ
630 2505 897 2594 ἐπιχειρήσαντες
919 2504 1068 2597 ἀθεμίτῳ

57 2618 189 2697 κρείττω
218 2616 355 2700 ποιήσαι
382 2616 444 2681 τού
475 2616 576 2680 θείου
603 2610 713 2698 νόμον
744 2609 805 2681 τὸν
833 2610 1070 2701 ἀνθρώπινον·

58 2720 111 2787 καὶ
128 2718 148 2788 ό
166 2747 201 2789 τε
221 2718 396 2807 δαιμόνιος
415 2718 514 2806 χόλος
533 2716 595 2805 ούχ
612 2714 708 2804 ἡμῖν,
720 2715 805 2787 ἀλλά
824 2717 957 2801 τούτοις
973 2722 1070 2789 ἐυαν-

61 2825 207 2897 τιόσεται
229 2824 313 2896 κατὰ
335 2825 373 2895 τὸ
398 2824 500 2912 είκός,
527 2826 583 2893 καὶ
610 2822 631 2912 ή
655 2822 734 2913 παρ’
760 2823 955 2914 ἀνθρώπων
977 2828 1071 2915 νέμε-

62 2954 110 3014 σις
132 2940 179 3015 είς
200 2931 342 3013 τούτους
369 2928 451 3001 ἀνθ’
477 2929 573 3018 ήμύν
600 2929 814 3018 κατασκήψει.
859 2937 891 3001 εί
917 2933 980 3021 μὲν
1009 2903 1121 3002 ούν21

1087 2989 1112 3028 25

129 3172 145 3220 2
164 3160 315 3290 δτοιςήζοῖς
334 3181 357 3246 ρ.
374 3161 516 3233 ffiessling
538 3233 551 3247 „
569 3161 843 3290 4<noengc506oevB
862 3158 1047 3252 ἀπέδορανδ
1068 3165 1071 3236 ή

65 3255 89 3288 ιι
106 3237 215 3292 addunt
267 3236 385 3306 1esshng
464 3239 551 3288 στου
581 3235 645 3302 βίον
724 3250 778 3289 om.
806 3234 832 3289 R
914 3235 1074 3305 θημεῖςΒ

66 3300 138 3376 ἡμῶν
155 3309 181 3362 R
254 3312 287 3362 11
307 3325 336 3361 τε
356 3305 449 3362 om.B
522 3311 555 3360 13
571 3303 730 3378 βεβ<αιο>ῖ
742 3305 766 3359 Β
839 3311 873 3360 14
890 3301 1075 3375 προστάττειν

68 3429 87 3468 ο.
104 3415 203 3470 Reiske
268 3420 301 3468 16
321 3408 546 3483 ἀνθρωπείουΒ
610 3417 644 3466 22
663 3396 790 3481 κρείττον
809 3412 835 3466 A
899 3416 933 3466 25
954 3410 994 3474 είς
1012 3408 1077 3467 τού-

69 3503 127 3547 τους
143 3486 166 3539 Β
184 3480 295 3548 τούτοις
314 3485 338 3538 R.

116 3593 214 3634 mom.
227 3594 292 3634 Hm.
305 3591 324 3632 1.
337 3601 377 3632 ιο.
390 3591 491 3633 huon.
881 3578 913 3625 21
