2412 3912
138 226 182 291 30
565 226 729 278 -Α-

138 383 361 472 άφικνούνται
384 382 498 471 χάραν
520 385 590 451 τῶν
609 379 828 469 ὁμορούντων
849 378 1041 470 Ἀβοριγῖσι.
1070 387 1137 448 πολ-

137 489 179 559 λά
203 490 318 560 δὲκαὶ
345 488 430 558 ἄλλα
457 495 562 578 χωρία
589 493 648 576 τῆς
667 487 807 568 Ἰταλίας
834 486 947 580 ᾤκουν
972 486 1139 576 Ὀμβρικοί,

137 598 193 665 καί
217 589 261 684 ἦν
282 601 383 666 τούτο
405 595 444 665 τὸ
467 603 570 676 ἔθνος
593 597 630 664 ἐν
652 609 723 676 τοῖς
740 595 832 664 πάνυ
854 598 938 683 μέγα
960 622 996 663 τε
1017 596 1073 664 καὶ
1090 591 1138 680 άρ

133 701 245 792 χαῖον.
280 701 319 772 τὸ
334 703 404 791 μὲν
428 695 492 771 ούν
515 701 586 772 κατ’
612 699 716 790 άρχδις
738 702 902 789 ἐκράτουν
926 706 962 772 οί
978 699 1140 785 Πελασγοί

109 814 204 879 ετωυ
236 816 369 898 χωρίων
402 813 489 876 ἔνθα
519 806 558 877 τὸ
589 812 724 896 πρῶτον
757 809 940 897 ἱδρύσαντο
971 809 1028 876 καὶ
1058 813 1140 876 πολι·
1156 837 1179 886 5⁰

137 915 259 1003 σμάτια
280 920 348 985 τῶν
368 913 554 1002 Ὀμβρικῶν
582 914 806 1000 κατελάβοντό
835 936 931 983 τινα·
962 911 1141 982 συνελθόν-

136 1049 192 1102 τος
222 1021 259 1090 δ’
289 1021 343 1091 ἐπ’
374 1020 497 1102 αύτούς
528 1021 676 1109 μεγάλου
708 1025 852 1110 στρατοῦ
883 1026 1055 1102 δείσαντες
1083 1024 1143 1088 τάν

136 1134 305 1215 πολεμίων
337 1127 375 1198 τὸ
406 1133 538 1214 πλῆθος
570 1133 618 1208 είς
647 1125 710 1215 τὴν
739 1127 960 1215 Ἀβοριγίνων
996 1126 1145 1204 άπιόντες

96 1235 321 1319 2τρέπουται.
365 1235 422 1303 καί
446 1239 481 1302 οί
501 1233 563 1322 μίν
583 1231 789 1324 Ἀβοριγῖνες
811 1232 868 1305 ἅτε
890 1240 1065 1320 πολεμίοις
1087 1235 1144 1302 ἐδι-

96 1364 122 1404 ιο
135 1347 255 1409 καίουν
279 1339 393 1422 αύτοίς
414 1343 669 1429 προσφέρεσθαι
691 1342 748 1409 καί
762 1341 931 1430 συνῄεσαν
955 1341 991 1407 ἐκ
1004 1343 1076 1409 τῶν
1100 1345 1143 1424 ἐγ·
1194 1343 1195 1384 ³

134 1467 231 1533 γιστα
254 1454 387 1536 χωρίων
411 1446 468 1515 διά
494 1447 618 1534 τάχους
645 1444 691 1528 ὡς
713 1445 994 1534 ἐξαναστήσοντες
1017 1443 1145 1524 αύτούς.

135 1555 171 1621 οί
192 1553 229 1620 δὲ
252 1559 427 1640 Πελασγοί
447 1554 665 1643 (τυγχάνουσι
687 1553 752 1642 γάρ
776 1557 812 1623 ἐν
835 1553 943 1645 τούτῳ
966 1558 1012 1645 τῷ
1037 1552 1146 1642 χρόνῳ
1195 1589 1196 1604 2

133 1657 216 1729 κατὰ
241 1664 387 1747 δαίμονα
409 1662 484 1748 περὶ
498 1666 671 1730 Κοτυλίαν
693 1660 793 1729 πόλιν
809 1659 1032 1749 ’Λβοριγίνων
1059 1655 1146 1728 αύλι-

135 1764 276 1851 σάμενοι
306 1772 450 1852 πλησίον
480 1771 540 1853 τῆς
572 1770 663 1853 ίερᾶς
698 1769 836 1857 λίμνης)
870 1765 915 1847 ως
949 1766 987 1834 δέ
1017 1767 1084 1855 τήν
1116 1791 1147 1834 τε
1196 1823 1197 1832 ,

94 1893 120 1933 15
134 1875 258 1958 νησῖδα
285 1868 346 1958 τὴν
380 1872 418 1938 ἐν
444 1869 527 1960 αὐτῇ
555 1875 840 1962 περιδινουμένην
869 1876 1067 1960 κατέμαθον
1097 1871 1148 1939 καί

133 1975 223 2064 παρὰ
252 1982 320 2046 τῶν
351 1977 587 2065 αἰχμαλώτων,
618 1975 679 2059 οὓς
707 1981 743 2046 ἐκ
772 1982 841 2049 τῶν
870 1977 986 2067 άγρύν
1015 1984 1149 2065 ἔλαβον,
1197 2053 1198 2068 2

8 2089 53 2204 J
133 2083 283 2171 ἥκουσαν
311 2083 348 2153 τὸ
376 2088 445 2152 τῶν
472 2086 660 2171 ἐπιχωρίων
684 2083 792 2174 ὄνομα
818 2088 912 2165 τέλος
929 2090 1028 2172 ὶἐχειν
1055 2090 1149 2172 σφίσι

94 2189 171 2259 3τδ
194 2191 404 2279 θεοπρόπιον
427 2188 606 2278 ὑπέλαβον.
643 2188 661 2259 ὁ
685 2190 748 2279 γάρ
773 2193 810 2260 ἐν
830 2190 987 2280 Δωδώνη
1010 2191 1150 2278 γενόμε-

133 2324 193 2376 νος
215 2296 329 2377 αύτοίς
352 2297 513 2385 χρησμός,
541 2295 582 2365 όν
610 2316 693 2384 φησι
717 2297 859 2378 Λεύκιος
880 2297 1036 2378 Μάλλιος
1060 2293 1149 2382 άνὴρ

22 2421 51 2478 ὃ
93 2425 120 2466 ιο
135 2402 196 2473 ούκ
219 2402 347 2491 άσημος
370 2401 470 2483 αύτδς
493 2407 581 2472 ίδεῖν
605 2404 662 2471 ἐπί
680 2431 773 2484 τινος
795 2409 863 2472 τῶν
886 2402 925 2473 ἐν
947 2409 993 2497 τῷ
1017 2406 1151 2492 τεμέυει
1168 2429 1193 2478 51

133 2515 193 2578 τού
217 2509 303 2589 Διὸς
324 2513 488 2597 κειμένων
510 2509 682 2596 τριπόδων
704 2510 897 2599 γράμμασιν
921 2509 1076 2599 ἄρχαίοις
1101 2513 1152 2596 ε’γ-

132 2618 397 2703 κεχαραγμένον,
421 2613 484 2683 ὡδί
507 2615 586 2704 εἶχε·

178 2763 319 2844 στείχετε
342 2756 518 2844 μαιόμενοι
540 2763 694 2826 Σικελῶν
718 2757 910 2846 Σατόρνιον
934 2757 1013 2827 αἶαν

177 2862 231 2951 ἠδ’
250 2861 488 2951 ’Λβοριγινέων
511 2862 680 2950 Κοτύλην,
704 2855 745 2932 ού
768 2869 872 2944 νᾶσος
895 2862 1033 2952 ὀχεῖται·

204 3065 220 3112 2
239 3059 328 3129 χωρία
346 3057 396 3127 τῆς
415 3051 532 3120 Ἰταλίας
554 3061 580 3112 A
607 3058 656 3127 τῆς
677 3053 794 3122 Ἰταλίας
817 3061 906 3130 χωρία
927 3061 951 3115 Β
1022 3066 1038 3115 δ
1068 3065 1156 3116 πολι-

132 3125 237 3201 σμάτια
254 3131 280 3185 Β
297 3127 380 3184 πάλιν
399 3130 503 3199 μανίαν
521 3130 544 3183 Β
598 3137 612 3184 7
632 3124 660 3184 δ’
681 3123 728 3184 ἐπ’
748 3130 771 3183 Β
789 3128 821 3186 δέ
842 3126 890 3185 ἐπ’
909 3133 935 3186 Β
1008 3139 1040 3186 13
1060 3127 1156 3187 κοτύ-

131 3205 182 3269 λην
200 3203 226 3256 A
299 3207 333 3255 14
351 3194 389 3263 ὡς
412 3195 446 3268 δὴ
477 3217 499 3256 ο.
518 3201 681 3263 Ambroseh,
704 3199 737 3256 δὲ
757 3201 811 3256 del.
830 3200 953 3258 Reudler
971 3201 1061 3259 Τίτου.
1086 3201 1156 3259 orit,

131 3280 194 3342 μ’(
269 3278 300 3327 15
324 3270 567 3341 περιδονονμένην
590 3272 615 3325 Α
684 3278 717 3326 19
737 3267 840 3342 μάμιος
857 3273 909 3328 AB
929 3289 998 3329 corr.
1013 3273 1156 3344 Sylburg,

131 3342 259 3398 Niebuhr
277 3343 343 3398 hist.
362 3359 431 3398 rom.
450 3344 463 3396 I
482 3361 508 3412 p.
529 3349 563 3397 13
636 3348 669 3397 22
690 3340 765 3413 εἶχεν
784 3344 830 3398 Ba
900 3349 934 3399 23
953 3345 1057 3399 σικελολ
1073 3347 1154 3416 AB(

132 3411 281 3482 σατόρνιον
301 3415 422 3500 Sylburg
436 3408 604 3481 σατούρνιον
619 3413 741 3469 Μοωολ).
757 3417 958 3485 σατονρνίανΒ
971 3415 1067 3486 Steph.
1080 3416 1156 3505 Byz.

132 3486 318 3554 σατορνίοινΑ
332 3486 505 3554 σατουρνιδα
514 3491 600 3553 γαῖαν
611 3484 768 3540 οΜοὶιιολιο
777 3485 981 3558 inStephByz.
1008 3492 1043 3542 24
1056 3481 1102 3555 ἠδ
1129 3487 1156 3539 Α
