<?xml version="1.0" encoding="UTF-8"?>
<!DOCTYPE html PUBLIC "-//W3C//DTD XHTML 1.0 Transitional//EN"
    "http://www.w3.org/TR/xhtml1/DTD/xhtml1-transitional.dtd">
<html xmlns="http://www.w3.org/1999/xhtml" xml:lang="en" lang="en">
 <head>
  <title>
</title>
<meta http-equiv="Content-Type" content="text/html;charset=utf-8" />
  <meta name='ocr-system' content='tesseract 3.04.00' />
  <meta name='ocr-capabilities' content='ocr_page ocr_carea ocr_par ocr_line ocrx_word'/>
</head>
<body>
  <div class='ocr_page' id='page_1' title='image "./antiquitatumrom00jacogoog_0250.png"; bbox 0 0 2408 3928; ppageno 0'>
   <div class='ocr_carea' id='block_1_1' title="bbox 566 240 731 293">
    <p class='ocr_par' dir='ltr' id='par_1_1' title="bbox 566 240 731 293">
     <span class='ocr_line' id='line_1_1' title="bbox 566 240 731 293; baseline -0.018 -11"><span class='ocrx_word' id='word_1_1' title='bbox 566 240 731 293; x_wconf 89' lang='lat' dir='ltr'><strong><em>-B-</em></strong></span> 
     </span>
    </p>
   </div>
   <div class='ocr_carea' id='block_1_2' title="bbox 99 393 1150 916">
    <p class='ocr_par' dir='ltr' id='par_1_2' title="bbox 99 393 1198 1010">
     <span class='ocr_line' id='line_1_2' title="bbox 139 393 1146 487; baseline -0.005 -21"><span class='ocrx_word' id='word_1_2' title='bbox 139 397 232 486; x_wconf 89' lang='grc' dir='ltr'><strong><em>θμὸν</em></strong></span> <span class='ocrx_word' id='word_1_3' title='bbox 256 397 366 484; x_wconf 81' lang='grc' dir='ltr'><strong><em>ὄντες,</em></strong></span> <span class='ocrx_word' id='word_1_4' title='bbox 397 395 507 486; x_wconf 78' lang='grc' dir='ltr'><strong><em>ὥσπερ</em></strong></span> <span class='ocrx_word' id='word_1_5' title='bbox 527 404 630 487; x_wconf 80' lang='grc' dir='ltr'><strong><em>ἔφην,</em></strong></span> <span class='ocrx_word' id='word_1_6' title='bbox 653 398 906 487; x_wconf 76' lang='grc' dir='ltr'><strong><em>διενεμήθησαν</em></strong></span> <span class='ocrx_word' id='word_1_7' title='bbox 931 402 978 478; x_wconf 90' lang='grc' dir='ltr'><strong><em>είς</em></strong></span> <span class='ocrx_word' id='word_1_8' title='bbox 1001 393 1146 474; x_wconf 76' lang='grc' dir='ltr'><strong><em>δεκάδας·</em></strong></span> 
     </span>
     <span class='ocr_line' id='line_1_3' title="bbox 140 501 1147 595; baseline -0.005 -21"><span class='ocrx_word' id='word_1_9' title='bbox 140 511 251 576; x_wconf 82' lang='grc' dir='ltr'><strong><em>ἔπειτα</em></strong></span> <span class='ocrx_word' id='word_1_10' title='bbox 284 505 596 595; x_wconf 72' lang='grc' dir='ltr'><em>διακληρωσάμενοι</em></span> <span class='ocrx_word' id='word_1_11' title='bbox 630 521 701 587; x_wconf 86' lang='grc' dir='ltr'><strong><em>τοῖς</em></strong></span> <span class='ocrx_word' id='word_1_12' title='bbox 732 511 873 576; x_wconf 76' lang='grc' dir='ltr'><strong><em>λαλοῦσι</em></strong></span> <span class='ocrx_word' id='word_1_13' title='bbox 906 507 987 574; x_wconf 89' lang='grc' dir='ltr'><strong><em>δέκα</em></strong></span> <span class='ocrx_word' id='word_1_14' title='bbox 1015 501 1147 588; x_wconf 76' lang='grc' dir='ltr'><strong><em>πρώτοις</em></strong></span> 
     </span>
     <span class='ocr_line' id='line_1_4' title="bbox 139 606 1147 702; baseline -0.006 -20"><span class='ocrx_word' id='word_1_15' title='bbox 139 611 317 683; x_wconf 78' lang='grc' dir='ltr'><strong><em>ἀπέδωκαν</em></strong></span> <span class='ocrx_word' id='word_1_16' title='bbox 350 612 465 702; x_wconf 76' lang='grc' dir='ltr'><strong><em>ἄρχειν</em></strong></span> <span class='ocrx_word' id='word_1_17' title='bbox 497 617 556 702; x_wconf 81' lang='grc' dir='ltr'><strong><em>τῆς</em></strong></span> <span class='ocrx_word' id='word_1_18' title='bbox 587 613 715 693; x_wconf 86' lang='grc' dir='ltr'><strong><em>πόλεως</em></strong></span> <span class='ocrx_word' id='word_1_19' title='bbox 746 612 809 701; x_wconf 85' lang='grc' dir='ltr'><strong><em>τὴν</em></strong></span> <span class='ocrx_word' id='word_1_20' title='bbox 838 610 1070 700; x_wconf 80' lang='grc' dir='ltr'><strong><em>αὐτοκράτορα</em></strong></span> <span class='ocrx_word' id='word_1_21' title='bbox 1099 606 1147 694; x_wconf 85' lang='grc' dir='ltr'><strong><em>άρ</em></strong></span> 
     </span>
     <span class='ocr_line' id='line_1_5' title="bbox 99 713 1148 809; baseline -0.004 -23"><span class='ocrx_word' id='word_1_22' title='bbox 99 720 212 808; x_wconf 80' lang='grc' dir='ltr'><strong><em>2χήν.</em></strong></span> <span class='ocrx_word' id='word_1_23' title='bbox 258 722 381 790; x_wconf 80' lang='grc' dir='ltr'><strong><em>ἐκεῖνοι</em></strong></span> <span class='ocrx_word' id='word_1_24' title='bbox 405 717 437 787; x_wconf 89' lang='grc' dir='ltr'><strong><em>δ’</em></strong></span> <span class='ocrx_word' id='word_1_25' title='bbox 464 717 526 808; x_wconf 79' lang='grc' dir='ltr'><strong><em>οὐχ</em></strong></span> <span class='ocrx_word' id='word_1_26' title='bbox 550 718 618 808; x_wconf 75' lang='grc' dir='ltr'><strong><em>ἅμα</em></strong></span> <span class='ocrx_word' id='word_1_27' title='bbox 640 720 763 801; x_wconf 87' lang='grc' dir='ltr'><strong><em>πάντες</em></strong></span> <span class='ocrx_word' id='word_1_28' title='bbox 786 722 1001 809; x_wconf 76' lang='grc' dir='ltr'><strong><em>ἐβασίλευον,</em></strong></span> <span class='ocrx_word' id='word_1_29' title='bbox 1025 713 1096 785; x_wconf 79' lang='grc' dir='ltr'><strong><em>ἀλλ’</em></strong></span> <span class='ocrx_word' id='word_1_30' title='bbox 1120 719 1148 783; x_wconf 84' lang='grc' dir='ltr'><strong><em>ἐκ</em></strong></span> 
     </span>
     <span class='ocr_line' id='line_1_6' title="bbox 99 823 1150 916; baseline -0.005 -21"><span class='ocrx_word' id='word_1_31' title='bbox 99 853 112 895; x_wconf 83' lang='grc' dir='ltr'><strong><em>ι</em></strong></span> <span class='ocrx_word' id='word_1_32' title='bbox 141 831 301 916; x_wconf 74' lang='grc' dir='ltr'><strong><em>διαδοχῆς</em></strong></span> <span class='ocrx_word' id='word_1_33' title='bbox 323 825 448 915; x_wconf 82' lang='grc' dir='ltr'><strong><em>ἡμέρας</em></strong></span> <span class='ocrx_word' id='word_1_34' title='bbox 466 829 563 896; x_wconf 81' lang='grc' dir='ltr'><strong><em>πέντε</em></strong></span> <span class='ocrx_word' id='word_1_35' title='bbox 583 829 731 912; x_wconf 81' lang='grc' dir='ltr'><strong><em>ἕκαστος,</em></strong></span> <span class='ocrx_word' id='word_1_36' title='bbox 755 829 793 895; x_wconf 91' lang='grc' dir='ltr'><strong><em>ἐν</em></strong></span> <span class='ocrx_word' id='word_1_37' title='bbox 811 827 863 906; x_wconf 83' lang='grc' dir='ltr'><strong><em>αἷς</em></strong></span> <span class='ocrx_word' id='word_1_38' title='bbox 879 825 939 906; x_wconf 88' lang='grc' dir='ltr'><strong><em>τάς</em></strong></span> <span class='ocrx_word' id='word_1_39' title='bbox 956 851 991 894; x_wconf 89' lang='grc' dir='ltr'><strong><em>τε</em></strong></span> <span class='ocrx_word' id='word_1_40' title='bbox 1012 823 1150 913; x_wconf 79' lang='grc' dir='ltr'><strong><em>ῥάβδους</em></strong></span> 
     </span>
    </p>
   </div>
   <div class='ocr_carea' id='block_1_3' title="bbox 26 931 1203 3264">
    <p class='ocr_par' dir='ltr' id='par_1_3' title="bbox 26 931 1203 3264">
     <span class='ocr_line' id='line_1_7' title="bbox 141 931 1150 1022; baseline -0.006 -20"><span class='ocrx_word' id='word_1_41' title='bbox 141 932 206 1020; x_wconf 84' lang='grc' dir='ltr'><strong><em>εἶχε</em></strong></span> <span class='ocrx_word' id='word_1_42' title='bbox 237 936 293 1003; x_wconf 86' lang='grc' dir='ltr'><strong><em>καλ</em></strong></span> <span class='ocrx_word' id='word_1_43' title='bbox 324 932 365 1002; x_wconf 84' lang='grc' dir='ltr'><strong><em>τὰ</em></strong></span> <span class='ocrx_word' id='word_1_44' title='bbox 397 932 498 1002; x_wconf 84' lang='grc' dir='ltr'><strong><em>λοιπὰ</em></strong></span> <span class='ocrx_word' id='word_1_45' title='bbox 525 938 584 1022; x_wconf 79' lang='grc' dir='ltr'><strong><em>τῆς</em></strong></span> <span class='ocrx_word' id='word_1_46' title='bbox 611 937 786 1021; x_wconf 79' lang='grc' dir='ltr'><strong><em>βασιλικῆς</em></strong></span> <span class='ocrx_word' id='word_1_47' title='bbox 814 935 967 1015; x_wconf 82' lang='grc' dir='ltr'><strong><em>ἐξουσίας</em></strong></span> <span class='ocrx_word' id='word_1_48' title='bbox 997 931 1150 1018; x_wconf 82' lang='grc' dir='ltr'><strong><em>σύμβολα.</em></strong></span> 
     </span>
     <span class='ocr_line' id='line_1_8' title="bbox 140 1035 1151 1133; baseline -0.005 -25"><span class='ocrx_word' id='word_1_49' title='bbox 140 1044 327 1128; x_wconf 78' lang='grc' dir='ltr'><strong><em>παρεδίδου</em></strong></span> <span class='ocrx_word' id='word_1_50' title='bbox 355 1039 386 1108; x_wconf 91' lang='grc' dir='ltr'><strong><em>δ’</em></strong></span> <span class='ocrx_word' id='word_1_51' title='bbox 413 1039 431 1109; x_wconf 93' lang='grc' dir='ltr'><strong><em>ὁ</em></strong></span> <span class='ocrx_word' id='word_1_52' title='bbox 460 1046 592 1130; x_wconf 76' lang='grc' dir='ltr'><strong><em>πρῶτος</em></strong></span> <span class='ocrx_word' id='word_1_53' title='bbox 619 1041 722 1131; x_wconf 83' lang='grc' dir='ltr'><strong><em>άρξας</em></strong></span> <span class='ocrx_word' id='word_1_54' title='bbox 749 1045 795 1133; x_wconf 77' lang='grc' dir='ltr'><strong><em>τῷ</em></strong></span> <span class='ocrx_word' id='word_1_55' title='bbox 824 1041 969 1130; x_wconf 77' lang='grc' dir='ltr'><strong><em>δευτέρῳ</em></strong></span> <span class='ocrx_word' id='word_1_56' title='bbox 999 1037 1062 1125; x_wconf 83' lang='grc' dir='ltr'><strong><em>τήν</em></strong></span> <span class='ocrx_word' id='word_1_57' title='bbox 1085 1035 1151 1125; x_wconf 84' lang='grc' dir='ltr'><strong><em>ήχε-</em></strong></span> 
     </span>
     <span class='ocr_line' id='line_1_9' title="bbox 141 1145 1151 1241; baseline -0.004 -25"><span class='ocrx_word' id='word_1_58' title='bbox 141 1156 264 1236; x_wconf 88' lang='grc' dir='ltr'><strong><em>μανίαν</em></strong></span> <span class='ocrx_word' id='word_1_59' title='bbox 287 1146 441 1229; x_wconf 81' lang='grc' dir='ltr'><strong><em>κάκεῖνος</em></strong></span> <span class='ocrx_word' id='word_1_60' title='bbox 462 1153 508 1241; x_wconf 74' lang='grc' dir='ltr'><strong><em>τῷ</em></strong></span> <span class='ocrx_word' id='word_1_61' title='bbox 527 1156 627 1240; x_wconf 77' lang='grc' dir='ltr'><strong><em>τρίτῳ</em></strong></span> <span class='ocrx_word' id='word_1_62' title='bbox 646 1149 702 1216; x_wconf 84' lang='grc' dir='ltr'><strong><em>καὶ</em></strong></span> <span class='ocrx_word' id='word_1_63' title='bbox 721 1145 814 1217; x_wconf 83' lang='grc' dir='ltr'><strong><em>τοῦτ’</em></strong></span> <span class='ocrx_word' id='word_1_64' title='bbox 836 1151 964 1235; x_wconf 86' lang='grc' dir='ltr'><strong><em>ἐγίνετο</em></strong></span> <span class='ocrx_word' id='word_1_65' title='bbox 985 1147 1081 1234; x_wconf 90' lang='grc' dir='ltr'><strong><em>μέχρι</em></strong></span> <span class='ocrx_word' id='word_1_66' title='bbox 1099 1146 1151 1210; x_wconf 80' lang='grc' dir='ltr'>τοὺ</span> 
     </span>
     <span class='ocr_line' id='line_1_10' title="bbox 140 1253 1152 1344; baseline -0.006 -22"><span class='ocrx_word' id='word_1_67' title='bbox 140 1261 342 1326; x_wconf 81' lang='grc' dir='ltr'><strong><em>τελευταίου.</em></strong></span> <span class='ocrx_word' id='word_1_68' title='bbox 380 1255 619 1343; x_wconf 76' lang='grc' dir='ltr'><strong><em>διεξελθούσης</em></strong></span> <span class='ocrx_word' id='word_1_69' title='bbox 643 1256 681 1324; x_wconf 80' lang='grc' dir='ltr'><strong><em>δέ</em></strong></span> <span class='ocrx_word' id='word_1_70' title='bbox 700 1271 771 1336; x_wconf 91' lang='grc' dir='ltr'><strong><em>τοῖς</em></strong></span> <span class='ocrx_word' id='word_1_71' title='bbox 788 1254 934 1344; x_wconf 78' lang='grc' dir='ltr'><strong><em>πρώτοις</em></strong></span> <span class='ocrx_word' id='word_1_72' title='bbox 953 1253 1033 1322; x_wconf 83' lang='grc' dir='ltr'><strong><em>δέκα</em></strong></span> <span class='ocrx_word' id='word_1_73' title='bbox 1053 1256 1152 1337; x_wconf 86' lang='grc' dir='ltr'><strong><em>[βασι-</em></strong></span> 
     </span>
     <span class='ocr_line' id='line_1_11' title="bbox 102 1359 1154 1451; baseline -0.003 -24"><span class='ocrx_word' id='word_1_74' title='bbox 102 1387 128 1427; x_wconf 85' lang='grc' dir='ltr'><strong><em>ιο</em></strong></span> <span class='ocrx_word' id='word_1_75' title='bbox 141 1366 250 1448; x_wconf 85' lang='grc' dir='ltr'><strong><em>λεῦσι]</em></strong></span> <span class='ocrx_word' id='word_1_76' title='bbox 274 1367 332 1451; x_wconf 83' lang='grc' dir='ltr'><strong><em>τῆς</em></strong></span> <span class='ocrx_word' id='word_1_77' title='bbox 360 1365 681 1451; x_wconf 73' lang='grc' dir='ltr'><strong><em>πεντηκονθημέρου</em></strong></span> <span class='ocrx_word' id='word_1_78' title='bbox 709 1368 920 1450; x_wconf 85' lang='grc' dir='ltr'><strong><em>προθεσμίας</em></strong></span> <span class='ocrx_word' id='word_1_79' title='bbox 950 1362 1058 1448; x_wconf 79' lang='grc' dir='ltr'><strong><em>ἕτεροι</em></strong></span> <span class='ocrx_word' id='word_1_80' title='bbox 1081 1359 1154 1425; x_wconf 90' lang='grc' dir='ltr'><strong><em>δέκα</em></strong></span> 
     </span>
     <span class='ocr_line' id='line_1_12' title="bbox 142 1458 1156 1558; baseline -0.008 -20"><span class='ocrx_word' id='word_1_81' title='bbox 142 1467 203 1556; x_wconf 83' lang='grc' dir='ltr'><strong><em>τήν</em></strong></span> <span class='ocrx_word' id='word_1_82' title='bbox 240 1467 348 1558; x_wconf 82' lang='grc' dir='ltr'><strong><em>ἀρχήν</em></strong></span> <span class='ocrx_word' id='word_1_83' title='bbox 384 1469 646 1558; x_wconf 80' lang='grc' dir='ltr'><strong><em>παρελάμβανον</em></strong></span> <span class='ocrx_word' id='word_1_84' title='bbox 681 1469 738 1538; x_wconf 86' lang='grc' dir='ltr'><strong><em>καλ</em></strong></span> <span class='ocrx_word' id='word_1_85' title='bbox 774 1467 852 1556; x_wconf 89' lang='grc' dir='ltr'><strong><em>παρ’</em></strong></span> <span class='ocrx_word' id='word_1_86' title='bbox 883 1471 1023 1536; x_wconf 81' lang='grc' dir='ltr'><strong><em>ἐκείνων</em></strong></span> <span class='ocrx_word' id='word_1_87' title='bbox 1061 1458 1156 1543; x_wconf 82' lang='grc' dir='ltr'><strong><em>αὖθις</em></strong></span> 
     </span>
     <span class='ocr_line' id='line_1_13' title="bbox 102 1572 1188 1670; baseline -0.006 -28"><span class='ocrx_word' id='word_1_88' title='bbox 102 1573 122 1638; x_wconf 90' lang='grc'>3</span> <span class='ocrx_word' id='word_1_89' title='bbox 141 1572 247 1644; x_wconf 83' lang='grc' dir='ltr'><strong><em>άλλοι.</em></strong></span> <span class='ocrx_word' id='word_1_90' title='bbox 289 1576 358 1646; x_wconf 81' lang='grc' dir='ltr'><strong><em>ἐπεὶ</em></strong></span> <span class='ocrx_word' id='word_1_91' title='bbox 378 1575 410 1644; x_wconf 89' lang='grc' dir='ltr'><strong><em>δ’</em></strong></span> <span class='ocrx_word' id='word_1_92' title='bbox 429 1579 520 1660; x_wconf 78' lang='grc' dir='ltr'><strong><em>ἔδοξε</em></strong></span> <span class='ocrx_word' id='word_1_93' title='bbox 539 1576 697 1670; x_wconf 76' lang='grc' dir='ltr'><strong><em>τῷδήμῳ</em></strong></span> <span class='ocrx_word' id='word_1_94' title='bbox 714 1580 841 1644; x_wconf 81' lang='grc' dir='ltr'><strong><em>παῦσαι</em></strong></span> <span class='ocrx_word' id='word_1_95' title='bbox 859 1574 917 1654; x_wconf 76' lang='grc' dir='ltr'><strong><em>τ’δις</em></strong></span> <span class='ocrx_word' id='word_1_96' title='bbox 936 1576 1188 1660; x_wconf 71' lang='grc' dir='ltr'><strong><em>δεκαδαρχίαςλιλ</em></strong></span> 
     </span>
     <span class='ocr_line' id='line_1_14' title="bbox 142 1678 1202 1774; baseline -0.002 -27"><span class='ocrx_word' id='word_1_97' title='bbox 142 1679 322 1774; x_wconf 78' lang='grc' dir='ltr'><strong><em>ἀχθομένῳ</em></strong></span> <span class='ocrx_word' id='word_1_98' title='bbox 345 1697 418 1763; x_wconf 89' lang='grc' dir='ltr'><strong><em>ταῖς</em></strong></span> <span class='ocrx_word' id='word_1_99' title='bbox 441 1689 640 1771; x_wconf 91' lang='grc' dir='ltr'><strong><em>μεταβολαῖς</em></strong></span> <span class='ocrx_word' id='word_1_100' title='bbox 662 1687 732 1752; x_wconf 77' lang='grc' dir='ltr'><strong><em>τῶν</em></strong></span> <span class='ocrx_word' id='word_1_101' title='bbox 755 1683 918 1764; x_wconf 77' lang='grc' dir='ltr'><strong><em>ἐξουσιῶν</em></strong></span> <span class='ocrx_word' id='word_1_102' title='bbox 939 1679 996 1748; x_wconf 84' lang='grc' dir='ltr'><strong><em>διὰ</em></strong></span> <span class='ocrx_word' id='word_1_103' title='bbox 1018 1679 1059 1747; x_wconf 89' lang='grc' dir='ltr'><strong><em>τὸ</em></strong></span> <span class='ocrx_word' id='word_1_104' title='bbox 1082 1678 1157 1767; x_wconf 91' lang='grc' dir='ltr'><strong><em>μήτε</em></strong></span> <span class='ocrx_word' id='word_1_105' title='bbox 1201 1713 1202 1718; x_wconf 41' lang='lat'>¹</span> 
     </span>
     <span class='ocr_line' id='line_1_15' title="bbox 142 1785 1158 1878; baseline -0.002 -24"><span class='ocrx_word' id='word_1_106' title='bbox 142 1792 353 1877; x_wconf 88' lang='grc' dir='ltr'><strong><em>προαιρέσεις</em></strong></span> <span class='ocrx_word' id='word_1_107' title='bbox 375 1787 524 1870; x_wconf 84' lang='grc' dir='ltr'><strong><em>ἅπαντας</em></strong></span> <span class='ocrx_word' id='word_1_108' title='bbox 551 1788 670 1877; x_wconf 86' lang='grc' dir='ltr'><strong><em>ὁμοίας</em></strong></span> <span class='ocrx_word' id='word_1_109' title='bbox 698 1794 786 1876; x_wconf 79' lang='grc' dir='ltr'><strong><em>ἔχειν</em></strong></span> <span class='ocrx_word' id='word_1_110' title='bbox 816 1788 897 1878; x_wconf 90' lang='grc' dir='ltr'><strong><em>μήτε</em></strong></span> <span class='ocrx_word' id='word_1_111' title='bbox 926 1787 1060 1874; x_wconf 84' lang='grc' dir='ltr'><strong><em>φύσεις,</em></strong></span> <span class='ocrx_word' id='word_1_112' title='bbox 1088 1785 1158 1854; x_wconf 87' lang='grc' dir='ltr'><strong><em>τότε</em></strong></span> 
     </span>
     <span class='ocr_line' id='line_1_16' title="bbox 103 1889 1203 1984; baseline 0 -25"><span class='ocrx_word' id='word_1_113' title='bbox 103 1918 129 1960; x_wconf 82' lang='grc' dir='ltr'><strong><em>ιε</em></strong></span> <span class='ocrx_word' id='word_1_114' title='bbox 144 1892 186 1981; x_wconf 84' lang='grc' dir='ltr'><strong><em>δή</em></strong></span> <span class='ocrx_word' id='word_1_115' title='bbox 216 1898 481 1982; x_wconf 79' lang='grc' dir='ltr'><strong><em>συγκαλέσαντες</em></strong></span> <span class='ocrx_word' id='word_1_116' title='bbox 513 1901 561 1976; x_wconf 88' lang='grc' dir='ltr'><strong><em>είς</em></strong></span> <span class='ocrx_word' id='word_1_117' title='bbox 592 1900 770 1984; x_wconf 81' lang='grc' dir='ltr'><strong><em>ἐκκλησίαν</em></strong></span> <span class='ocrx_word' id='word_1_118' title='bbox 797 1895 835 1966; x_wconf 91' lang='grc' dir='ltr'><strong><em>τὸ</em></strong></span> <span class='ocrx_word' id='word_1_119' title='bbox 863 1899 995 1983; x_wconf 82' lang='grc' dir='ltr'><strong><em>πλῆθος</em></strong></span> <span class='ocrx_word' id='word_1_120' title='bbox 1024 1896 1060 1961; x_wconf 88' lang='grc' dir='ltr'><strong><em>οί</em></strong></span> <span class='ocrx_word' id='word_1_121' title='bbox 1085 1898 1158 1979; x_wconf 79' lang='grc' dir='ltr'><strong><em>βου·</em></strong></span> <span class='ocrx_word' id='word_1_122' title='bbox 1202 1889 1203 1906; x_wconf 54' lang='lat'><em>³</em></span> 
     </span>
     <span class='ocr_line' id='line_1_17' title="bbox 143 1997 1158 2093; baseline -0.004 -23"><span class='ocrx_word' id='word_1_123' title='bbox 143 2006 257 2071; x_wconf 84' lang='grc' dir='ltr'><strong><em>λευταλ</em></strong></span> <span class='ocrx_word' id='word_1_124' title='bbox 284 2001 367 2072; x_wconf 84' lang='grc' dir='ltr'><strong><em>κατά</em></strong></span> <span class='ocrx_word' id='word_1_125' title='bbox 396 2003 507 2091; x_wconf 87' lang='grc' dir='ltr'><strong><em>φυλάς</em></strong></span> <span class='ocrx_word' id='word_1_126' title='bbox 537 2029 573 2074; x_wconf 86' lang='grc' dir='ltr'><strong><em>τε</em></strong></span> <span class='ocrx_word' id='word_1_127' title='bbox 601 2006 658 2072; x_wconf 86' lang='grc' dir='ltr'><strong><em>καὶ</em></strong></span> <span class='ocrx_word' id='word_1_128' title='bbox 685 2004 839 2093; x_wconf 80' lang='grc' dir='ltr'><strong><em>φράτρας</em></strong></span> <span class='ocrx_word' id='word_1_129' title='bbox 867 2001 1046 2071; x_wconf 77' lang='grc' dir='ltr'><strong><em>ἀπέδωκαν</em></strong></span> <span class='ocrx_word' id='word_1_130' title='bbox 1074 1997 1158 2088; x_wconf 77' lang='grc' dir='ltr'><strong><em>αὐτῷ</em></strong></span> 
     </span>
     <span class='ocr_line' id='line_1_18' title="bbox 143 2108 1161 2197; baseline -0.003 -22"><span class='ocrx_word' id='word_1_131' title='bbox 143 2109 218 2195; x_wconf 85' lang='grc' dir='ltr'><strong><em>περὶ</em></strong></span> <span class='ocrx_word' id='word_1_132' title='bbox 241 2112 303 2178; x_wconf 84' lang='grc' dir='ltr'><strong><em>τοῦ</em></strong></span> <span class='ocrx_word' id='word_1_133' title='bbox 330 2108 460 2196; x_wconf 88' lang='grc' dir='ltr'><strong><em>κόσμου</em></strong></span> <span class='ocrx_word' id='word_1_134' title='bbox 487 2114 546 2197; x_wconf 79' lang='grc' dir='ltr'><strong><em>τῆς</em></strong></span> <span class='ocrx_word' id='word_1_135' title='bbox 567 2117 738 2191; x_wconf 88' lang='grc' dir='ltr'><strong><em>πολιτείας</em></strong></span> <span class='ocrx_word' id='word_1_136' title='bbox 767 2122 920 2194; x_wconf 89' lang='grc' dir='ltr'><strong><em>σκοπεῖν,</em></strong></span> <span class='ocrx_word' id='word_1_137' title='bbox 944 2116 1009 2176; x_wconf 87' lang='grc' dir='ltr'><strong><em>είτε</em></strong></span> <span class='ocrx_word' id='word_1_138' title='bbox 1033 2112 1161 2192; x_wconf 89' lang='grc' dir='ltr'><strong><em>βασιλεῖ</em></strong></span> 
     </span>
     <span class='ocr_line' id='line_1_19' title="bbox 143 2214 1160 2314; baseline -0.004 -31"><span class='ocrx_word' id='word_1_139' title='bbox 143 2215 300 2301; x_wconf 80' lang='grc' dir='ltr'><strong><em>βούλεται</em></strong></span> <span class='ocrx_word' id='word_1_140' title='bbox 327 2214 368 2284; x_wconf 82' lang='grc' dir='ltr'><strong><em>τὰ</em></strong></span> <span class='ocrx_word' id='word_1_141' title='bbox 395 2215 494 2284; x_wconf 84' lang='grc' dir='ltr'><strong><em>κοινὰ</em></strong></span> <span class='ocrx_word' id='word_1_142' title='bbox 521 2219 709 2306; x_wconf 84' lang='grc' dir='ltr'><strong><em>ἐπιτρέπειν</em></strong></span> <span class='ocrx_word' id='word_1_143' title='bbox 736 2227 801 2287; x_wconf 75' lang='grc' dir='ltr'><strong><em>εἴτε</em></strong></span> <span class='ocrx_word' id='word_1_144' title='bbox 829 2214 947 2305; x_wconf 86' lang='grc' dir='ltr'><strong><em>άρχαῖς</em></strong></span> <span class='ocrx_word' id='word_1_145' title='bbox 970 2217 1160 2314; x_wconf 82' lang='grc' dir='ltr'><strong><em>ἐνιαυσίοις.</em></strong></span> 
     </span>
     <span class='ocr_line' id='line_1_20' title="bbox 26 2319 1160 2416; baseline -0.007 -21"><span class='ocrx_word' id='word_1_146' title='bbox 26 2389 30 2395; x_wconf 90' lang='grc'>.</span> <span class='ocrx_word' id='word_1_147' title='bbox 107 2319 185 2390; x_wconf 82' lang='grc' dir='ltr'><strong><em>4οὐ</em></strong></span> <span class='ocrx_word' id='word_1_148' title='bbox 208 2321 275 2410; x_wconf 82' lang='grc' dir='ltr'><strong><em>μὴν</em></strong></span> <span class='ocrx_word' id='word_1_149' title='bbox 299 2320 319 2390; x_wconf 84' lang='grc' dir='ltr'><strong><em>ὁ</em></strong></span> <span class='ocrx_word' id='word_1_150' title='bbox 341 2349 378 2408; x_wconf 83' lang='grc' dir='ltr'><strong><em>χε</em></strong></span> <span class='ocrx_word' id='word_1_151' title='bbox 398 2325 510 2410; x_wconf 87' lang='grc' dir='ltr'><strong><em>’δήμος</em></strong></span> <span class='ocrx_word' id='word_1_152' title='bbox 532 2321 586 2411; x_wconf 89' lang='grc' dir='ltr'><strong><em>ἐφ’</em></strong></span> <span class='ocrx_word' id='word_1_153' title='bbox 613 2323 719 2416; x_wconf 73' lang='grc' dir='ltr'><strong><em>ἑαυτῷ</em></strong></span> <span class='ocrx_word' id='word_1_154' title='bbox 747 2322 811 2410; x_wconf 85' lang='grc' dir='ltr'><strong><em>τήν</em></strong></span> <span class='ocrx_word' id='word_1_155' title='bbox 839 2327 972 2410; x_wconf 80' lang='grc' dir='ltr'><strong><em>αἵρεσιν</em></strong></span> <span class='ocrx_word' id='word_1_156' title='bbox 996 2322 1160 2407; x_wconf 84' lang='grc' dir='ltr'><strong><em>ἐποίησεν,</em></strong></span> 
     </span>
     <span class='ocr_line' id='line_1_21' title="bbox 103 2423 1161 2517; baseline 0.001 -25"><span class='ocrx_word' id='word_1_157' title='bbox 103 2451 130 2494; x_wconf 79' lang='grc' dir='ltr'><strong><em>νο</em></strong></span> <span class='ocrx_word' id='word_1_158' title='bbox 144 2425 217 2496; x_wconf 77' lang='grc' dir='ltr'><strong><em>ἀλλ’</em></strong></span> <span class='ocrx_word' id='word_1_159' title='bbox 247 2427 399 2498; x_wconf 79' lang='grc' dir='ltr'><strong><em>ἀπέδωκε</em></strong></span> <span class='ocrx_word' id='word_1_160' title='bbox 435 2445 507 2509; x_wconf 90' lang='grc' dir='ltr'><strong><em>τοῖς</em></strong></span> <span class='ocrx_word' id='word_1_161' title='bbox 541 2436 742 2517; x_wconf 86' lang='grc' dir='ltr'><strong><em>βουλευταῖς</em></strong></span> <span class='ocrx_word' id='word_1_162' title='bbox 777 2429 839 2517; x_wconf 82' lang='grc' dir='ltr'><strong><em>τήν</em></strong></span> <span class='ocrx_word' id='word_1_163' title='bbox 878 2427 1083 2515; x_wconf 79' lang='grc' dir='ltr'><strong><em>διάγνωσιν,</em></strong></span> <span class='ocrx_word' id='word_1_164' title='bbox 1121 2423 1161 2504; x_wconf 84' lang='grc' dir='ltr'><strong><em>ὁς</em></strong></span> 
     </span>
     <span class='ocr_line' id='line_1_22' title="bbox 143 2532 1162 2623; baseline -0.004 -20"><span class='ocrx_word' id='word_1_165' title='bbox 143 2533 326 2622; x_wconf 80' lang='grc' dir='ltr'><strong><em>ἀγαπήσων</em></strong></span> <span class='ocrx_word' id='word_1_166' title='bbox 350 2533 517 2623; x_wconf 86' lang='grc' dir='ltr'><strong><em>ὁποτέραν</em></strong></span> <span class='ocrx_word' id='word_1_167' title='bbox 539 2532 584 2605; x_wconf 60' lang='lat' dir='ltr'><strong><em>&amp;v</em></strong></span> <span class='ocrx_word' id='word_1_168' title='bbox 602 2538 727 2604; x_wconf 88' lang='grc' dir='ltr'><strong><em>έκεῖυοι</em></strong></span> <span class='ocrx_word' id='word_1_169' title='bbox 747 2533 956 2622; x_wconf 78' lang='grc' dir='ltr'><strong><em>δοκιμάσωσι</em></strong></span> <span class='ocrx_word' id='word_1_170' title='bbox 980 2537 1050 2603; x_wconf 79' lang='grc' dir='ltr'><strong><em>τῶν</em></strong></span> <span class='ocrx_word' id='word_1_171' title='bbox 1072 2542 1162 2602; x_wconf 91' lang='grc' dir='ltr'><strong><em>πολι-</em></strong></span> 
     </span>
     <span class='ocr_line' id='line_1_23' title="bbox 143 2637 1162 2730; baseline -0.004 -22"><span class='ocrx_word' id='word_1_172' title='bbox 143 2645 256 2709; x_wconf 82' lang='grc' dir='ltr'><strong><em>τειῶν·</em></strong></span> <span class='ocrx_word' id='word_1_173' title='bbox 289 2656 359 2721; x_wconf 91' lang='grc' dir='ltr'><strong><em>τοῖς</em></strong></span> <span class='ocrx_word' id='word_1_174' title='bbox 387 2642 425 2710; x_wconf 71' lang='grc' dir='ltr'><strong><em>δὲ</em></strong></span> <span class='ocrx_word' id='word_1_175' title='bbox 452 2641 629 2729; x_wconf 85' lang='grc' dir='ltr'><strong><em>βασιλικήν</em></strong></span> <span class='ocrx_word' id='word_1_176' title='bbox 659 2643 723 2730; x_wconf 75' lang='grc' dir='ltr'><strong><em>μὲν</em></strong></span> <span class='ocrx_word' id='word_1_177' title='bbox 752 2639 862 2710; x_wconf 86' lang='grc' dir='ltr'><strong><em>ἐδόκει</em></strong></span> <span class='ocrx_word' id='word_1_178' title='bbox 888 2637 1162 2726; x_wconf 83' lang='grc' dir='ltr'><strong><em>καταστήσασθαι</em></strong></span> 
     </span>
     <span class='ocr_line' id='line_1_24' title="bbox 143 2745 1162 2838; baseline -0.001 -24"><span class='ocrx_word' id='word_1_179' title='bbox 143 2753 314 2816; x_wconf 89' lang='grc' dir='ltr'><strong><em>πολιτείαν</em></strong></span> <span class='ocrx_word' id='word_1_180' title='bbox 338 2746 452 2835; x_wconf 80' lang='grc' dir='ltr'><strong><em>ἅπασι,</em></strong></span> <span class='ocrx_word' id='word_1_181' title='bbox 473 2749 550 2838; x_wconf 85' lang='grc' dir='ltr'><strong><em>περὶ</em></strong></span> <span class='ocrx_word' id='word_1_182' title='bbox 570 2748 609 2817; x_wconf 74' lang='grc' dir='ltr'><strong><em>δὲ</em></strong></span> <span class='ocrx_word' id='word_1_183' title='bbox 631 2753 693 2818; x_wconf 85' lang='grc' dir='ltr'><strong><em>τοῦ</em></strong></span> <span class='ocrx_word' id='word_1_184' title='bbox 712 2750 893 2836; x_wconf 88' lang='grc' dir='ltr'><strong><em>μέλλοντος</em></strong></span> <span class='ocrx_word' id='word_1_185' title='bbox 915 2745 1033 2835; x_wconf 79' lang='grc' dir='ltr'><strong><em>ἄρξειν</em></strong></span> <span class='ocrx_word' id='word_1_186' title='bbox 1051 2745 1162 2824; x_wconf 90' lang='grc' dir='ltr'><strong><em>στάσις</em></strong></span> 
     </span>
     <span class='ocr_line' id='line_1_25' title="bbox 145 2851 1160 2943; baseline -0.003 -21"><span class='ocrx_word' id='word_1_187' title='bbox 145 2855 319 2925; x_wconf 90' lang='grc' dir='ltr'><strong><em>ἐνέπιπτεν</em></strong></span> <span class='ocrx_word' id='word_1_188' title='bbox 347 2857 380 2938; x_wconf 84' lang='grc' dir='ltr'><strong><em>ἐξ</em></strong></span> <span class='ocrx_word' id='word_1_189' title='bbox 409 2853 571 2943; x_wconf 86' lang='grc' dir='ltr'><strong><em>ὁποτέρας</em></strong></span> <span class='ocrx_word' id='word_1_190' title='bbox 600 2861 691 2924; x_wconf 79' lang='grc' dir='ltr'><strong><em>ἔσται</em></strong></span> <span class='ocrx_word' id='word_1_191' title='bbox 719 2855 850 2938; x_wconf 83' lang='grc' dir='ltr'><strong><em>τάξεως.</em></strong></span> <span class='ocrx_word' id='word_1_192' title='bbox 898 2856 932 2922; x_wconf 80' lang='grc' dir='ltr'><strong><em>οἱ</em></strong></span> <span class='ocrx_word' id='word_1_193' title='bbox 953 2853 1016 2941; x_wconf 70' lang='grc' dir='ltr'><strong><em>μέν</em></strong></span> <span class='ocrx_word' id='word_1_194' title='bbox 1040 2851 1105 2943; x_wconf 74' lang='grc' dir='ltr'><strong><em>γάρ</em></strong></span> <span class='ocrx_word' id='word_1_195' title='bbox 1127 2854 1160 2918; x_wconf 80' lang='grc' dir='ltr'><strong><em>ἐκ</em></strong></span> 
     </span>
     <span class='ocr_line' id='line_1_26' title="bbox 104 2958 1161 3055; baseline -0.002 -29"><span class='ocrx_word' id='word_1_196' title='bbox 104 2981 131 3024; x_wconf 76' lang='grc' dir='ltr'><strong><em>ιο</em></strong></span> <span class='ocrx_word' id='word_1_197' title='bbox 146 2964 214 3029; x_wconf 78' lang='grc' dir='ltr'><strong><em>τῶν</em></strong></span> <span class='ocrx_word' id='word_1_198' title='bbox 247 2959 395 3050; x_wconf 89' lang='grc' dir='ltr'><strong><em>άρχαίων</em></strong></span> <span class='ocrx_word' id='word_1_199' title='bbox 427 2966 622 3050; x_wconf 79' lang='grc' dir='ltr'><strong><em>βουλευτῶν</em></strong></span> <span class='ocrx_word' id='word_1_200' title='bbox 659 2961 767 3055; x_wconf 75' lang='grc' dir='ltr'><strong><em>ᾤοντο</em></strong></span> <span class='ocrx_word' id='word_1_201' title='bbox 805 2966 880 3029; x_wconf 86' lang='grc' dir='ltr'><strong><em>δεῖν</em></strong></span> <span class='ocrx_word' id='word_1_202' title='bbox 916 2958 1161 3047; x_wconf 81' lang='grc' dir='ltr'><strong><em>άποδειχθήναι</em></strong></span> 
     </span>
     <span class='ocr_line' id='line_1_27' title="bbox 144 3065 1160 3157; baseline -0.003 -21"><span class='ocrx_word' id='word_1_203' title='bbox 144 3065 205 3137; x_wconf 88' lang='grc' dir='ltr'><strong><em>τὸν</em></strong></span> <span class='ocrx_word' id='word_1_204' title='bbox 229 3068 511 3157; x_wconf 82' lang='grc' dir='ltr'><strong><em>ἐπιτροπεύσοντα</em></strong></span> <span class='ocrx_word' id='word_1_205' title='bbox 533 3067 596 3156; x_wconf 81' lang='grc' dir='ltr'><strong><em>τὴν</em></strong></span> <span class='ocrx_word' id='word_1_206' title='bbox 617 3068 734 3155; x_wconf 88' lang='grc' dir='ltr'><strong><em>πόλιν,</em></strong></span> <span class='ocrx_word' id='word_1_207' title='bbox 759 3073 794 3136; x_wconf 88' lang='grc' dir='ltr'><strong><em>οί</em></strong></span> <span class='ocrx_word' id='word_1_208' title='bbox 816 3066 847 3135; x_wconf 89' lang='grc' dir='ltr'><strong><em>δ’</em></strong></span> <span class='ocrx_word' id='word_1_209' title='bbox 869 3071 906 3136; x_wconf 89' lang='grc' dir='ltr'><strong><em>ἐκ</em></strong></span> <span class='ocrx_word' id='word_1_210' title='bbox 928 3070 999 3136; x_wconf 78' lang='grc' dir='ltr'><strong><em>τάν</em></strong></span> <span class='ocrx_word' id='word_1_211' title='bbox 1021 3065 1160 3156; x_wconf 77' lang='grc' dir='ltr'><strong><em>ὕστερον</em></strong></span> 
     </span>
     <span class='ocr_line' id='line_1_28' title="bbox 146 3165 1112 3264; baseline -0.003 -20"><span class='ocrx_word' id='word_1_212' title='bbox 146 3177 429 3264; x_wconf 85' lang='grc' dir='ltr'><strong><em>ἐπεισαχθέντων,</em></strong></span> <span class='ocrx_word' id='word_1_213' title='bbox 453 3171 513 3256; x_wconf 78' lang='grc' dir='ltr'><strong><em>οὓς</em></strong></span> <span class='ocrx_word' id='word_1_214' title='bbox 535 3177 722 3262; x_wconf 88' lang='grc' dir='ltr'><strong><em>νεωτέρους</em></strong></span> <span class='ocrx_word' id='word_1_215' title='bbox 745 3172 898 3243; x_wconf 87' lang='grc' dir='ltr'><strong><em>ἐκάλουν.</em></strong></span> <span class='ocrx_word' id='word_1_216' title='bbox 1102 3165 1112 3183; x_wconf 78' lang='grc'>’</span> 
     </span>
    </p>
   </div>
   <div class='ocr_carea' id='block_1_4' title="bbox 147 3365 1163 3579">
    <p class='ocr_par' dir='ltr' id='par_1_4' title="bbox 147 3365 1163 3579">
     <span class='ocr_line' id='line_1_29' title="bbox 218 3365 1162 3441; baseline -0.002 -19"><span class='ocrx_word' id='word_1_217' title='bbox 218 3376 236 3422; x_wconf 81' lang='lat'>4</span> <span class='ocrx_word' id='word_1_218' title='bbox 256 3365 287 3424; x_wconf 90' lang='grc' dir='ltr'><strong><em>ἐκ</em></strong></span> <span class='ocrx_word' id='word_1_219' title='bbox 306 3386 360 3423; x_wconf 89' lang='lat' dir='ltr'><strong><em>om.</em></strong></span> <span class='ocrx_word' id='word_1_220' title='bbox 379 3369 426 3422; x_wconf 79' lang='lat' dir='ltr'><strong><em>Ba</em></strong></span> <span class='ocrx_word' id='word_1_221' title='bbox 506 3373 522 3420; x_wconf 87' lang='grc'>9</span> <span class='ocrx_word' id='word_1_222' title='bbox 543 3368 688 3439; x_wconf 76' lang='grc' dir='ltr'><strong><em>βασιλεῦσι</em></strong></span> <span class='ocrx_word' id='word_1_223' title='bbox 706 3368 760 3422; x_wconf 87' lang='lat' dir='ltr'><strong>del.</strong></span> <span class='ocrx_word' id='word_1_224' title='bbox 779 3369 926 3434; x_wconf 74' lang='grc' dir='ltr'><strong><em>ΒδελιεΙοε,</em></strong></span> <span class='ocrx_word' id='word_1_225' title='bbox 948 3368 1162 3441; x_wconf 83' lang='grc' dir='ltr'><strong><em>μεσοβασιλεῦσι</em></strong></span> 
     </span>
     <span class='ocr_line' id='line_1_30' title="bbox 147 3432 1162 3509; baseline 0.001 -19"><span class='ocrx_word' id='word_1_226' title='bbox 147 3454 171 3490; x_wconf 88' lang='grc' dir='ltr'><strong><em>ο.</em></strong></span> <span class='ocrx_word' id='word_1_227' title='bbox 189 3439 292 3492; x_wconf 78' lang='lat' dir='ltr'>Reiske</span> <span class='ocrx_word' id='word_1_228' title='bbox 366 3444 398 3491; x_wconf 76' lang='lat'><strong><em>12</em></strong></span> <span class='ocrx_word' id='word_1_229' title='bbox 419 3435 483 3491; x_wconf 82' lang='grc' dir='ltr'><strong><em>ἐπεί</em></strong></span> <span class='ocrx_word' id='word_1_230' title='bbox 500 3432 529 3490; x_wconf 87' lang='grc' dir='ltr'><strong><em>δ’</em></strong></span> <span class='ocrx_word' id='word_1_231' title='bbox 548 3436 652 3492; x_wconf 79' lang='lat' dir='ltr'><strong>Reiske</strong></span> <span class='ocrx_word' id='word_1_232' title='bbox 672 3435 770 3492; x_wconf 75' lang='grc' dir='ltr'><strong><em>ἔπειτα</em></strong></span> <span class='ocrx_word' id='word_1_233' title='bbox 785 3440 808 3493; x_wconf 91' lang='grc'>0</span> <span class='ocrx_word' id='word_1_234' title='bbox 825 3443 830 3507; x_wconf 87' lang='grc' dir='ltr'>Ι</span> <span class='ocrx_word' id='word_1_235' title='bbox 847 3441 1040 3509; x_wconf 77' lang='grc' dir='ltr'><strong><em>δεκαδαρχίας</em></strong></span> <span class='ocrx_word' id='word_1_236' title='bbox 1056 3439 1079 3492; x_wconf 93' lang='grc' dir='ltr'><strong>Β</strong></span> <span class='ocrx_word' id='word_1_237' title='bbox 1101 3441 1162 3492; x_wconf 78' lang='grc' dir='ltr'><strong><em>δεκ·</em></strong></span> 
     </span>
     <span class='ocr_line' id='line_1_31' title="bbox 149 3502 1163 3579; baseline 0.002 -21"><span class='ocrx_word' id='word_1_238' title='bbox 149 3508 283 3574; x_wconf 72' lang='grc' dir='ltr'><strong><em>αρχίαςλῖ</em></strong></span> <span class='ocrx_word' id='word_1_239' title='bbox 337 3513 370 3562; x_wconf 85' lang='grc'><strong><em>19</em></strong></span> <span class='ocrx_word' id='word_1_240' title='bbox 387 3503 436 3574; x_wconf 86' lang='grc' dir='ltr'><strong><em>ἐφ’</em></strong></span> <span class='ocrx_word' id='word_1_241' title='bbox 451 3502 554 3561; x_wconf 72' lang='grc' dir='ltr'><strong><em>ἑαυτοῦ</em></strong></span> <span class='ocrx_word' id='word_1_242' title='bbox 569 3508 711 3578; x_wconf 75' lang='lat' dir='ltr'>Kiessling</span> <span class='ocrx_word' id='word_1_243' title='bbox 725 3509 887 3565; x_wconf 75' lang='lat' dir='ltr'><strong>dubitanter</strong></span> <span class='ocrx_word' id='word_1_244' title='bbox 946 3517 981 3564; x_wconf 81' lang='lat'><strong><em>24</em></strong></span> <span class='ocrx_word' id='word_1_245' title='bbox 1001 3505 1055 3579; x_wconf 71' lang='grc' dir='ltr'><strong><em>γάρ</em></strong></span> <span class='ocrx_word' id='word_1_246' title='bbox 1073 3527 1122 3564; x_wconf 85' lang='lat' dir='ltr'><strong><em>om.</em></strong></span> <span class='ocrx_word' id='word_1_247' title='bbox 1139 3509 1163 3560; x_wconf 93' lang='lat' dir='ltr'><strong>B</strong></span> 
     </span>
    </p>
   </div>
   <div class='ocr_carea' id='block_1_5' title="bbox 0 0 1212 3928">
    <p class='ocr_par' dir='ltr' id='par_1_5' title="bbox 0 0 1212 3928">
     <span class='ocr_line' id='line_1_32' title="bbox 0 0 1212 3928; baseline 0 0"><span class='ocrx_word' id='word_1_248' title='bbox 0 0 1212 3928; x_wconf 95' lang='lat' dir='ltr'><strong><em> </em></strong></span> 
     </span>
    </p>
   </div>
  </div>
 </body>
</html>
