2404 3918
573 229 740 280 ..Γ-

149 381 228 464 τοίις
250 387 428 471 προδότας,
451 389 540 472 οἵγε
562 385 664 472 χωρλς
685 389 743 471 τῆς
765 383 869 470 ἀλλης
891 382 1125 472 ἀναγκαιότητος,

150 486 194 577 ἣν
217 489 275 558 διὰ
295 489 333 560 τό
355 491 515 578 συγγενὲς
536 493 637 580 έχρήν
659 489 781 570 αὐτοὺς
795 489 990 578 φυλάσσειν,
1010 490 1126 571 σπονδὰς

150 598 205 666 καί
234 595 331 684 όρκια
358 596 579 685 ποιησόμενοι
606 595 691 682 πρὸς
716 593 803 685 ἡμᾶς
831 602 970 684 ἔναγχος
996 595 1062 666 οὔτε
1084 607 1126 666 θι-

152 703 212 785 οὐς
239 709 424 791 δείσαντες,
453 701 513 785 οὓς
538 709 606 774 τῶν
636 702 825 792 ὁμολογιῶν
853 705 1045 792 ἐποιήσαντο
1069 705 1128 792 μόρ-

124 839 269 899 ιτυρας,
302 811 379 881 οὔτε
411 811 448 881 τό
483 816 616 880 δίκαιον
648 809 729 880 αότό
762 813 817 880 καὶ
848 811 910 898 τήν
941 811 1130 898 ἀνθρωπίνην

151 921 287 1006 νέμεσιν
316 920 547 1008 ἐντραπέντες,
576 918 653 988 οὔτε
679 917 717 987 τό
745 923 806 988 τοῦ
832 919 1000 988 κινδύνου
1020 922 1133 1007 μέγεθος

151 1030 182 1093 εί
204 1024 355 1113 μὴκατὰ
381 1030 468 1095 νοῦν
496 1024 611 1106 αὐτοῖς
639 1023 658 1112 ή
682 1030 848 1113 προδοσία
872 1027 1051 1114 χωρήσειεν
1069 1024 1174 1096 ότι-εει

150 1132 377 1220 λογιζόμενοι,
404 1131 465 1201 τόν
494 1141 661 1201 οίκτιστον
684 1130 812 1219 τρόπον
839 1129 927 1219 ἡμᾶς
949 1136 1134 1222 ἐπεχείρησαν

150 1236 311 1308 ἀπολέσαι
333 1237 413 1318 τοὺς
435 1236 596 1318 ἀποίκους
617 1265 653 1306 τε
680 1239 736 1306 καὶ
760 1236 948 1325 εὐεργέτας,
978 1244 1013 1309 οί
1036 1245 1135 1310 κτίσται

112 1373 137 1413 10
152 1344 232 1432 μετόι
255 1350 325 1413 τεόν
339 1347 516 1434 Ιἐχθίστων
540 1371 574 1412 τε
596 1346 652 1413 καί
674 1345 935 1432 πολεμιωτάτων
958 1346 1091 1427 στάντες.

240 1453 411 1519 XXVIIII.
447 1456 559 1519 Ταῦτα
587 1449 619 1518 δ’
646 1450 750 1521 αὐτοῦ
777 1455 935 1539 λέγοντος
964 1459 1096 1541 οίμωγαί
1107 1479 1131 1519 τε

151 1561 218 1625 τῶν
245 1555 417 1642 Ἀλβανῶν
446 1559 599 1644 ἐγίνοντο
627 1560 681 1626 καί
709 1560 921 1627 παντοδαπαὶ
950 1560 1076 1646 δεήσεις
1094 1563 1133 1627 τιό

151 1663 213 1750 μὲν
242 1664 353 1751 δήμου
380 1665 487 1752 μηδὲν
516 1667 698 1751 ἐγνωκέναι
726 1668 884 1752 λέγοντος
906 1658 955 1734 ὧν
981 1665 1000 1735 ό
1024 1670 1141 1745 Μέττιος

152 1772 355 1858 ἐμηχανᾶτο,
377 1777 446 1840 τῶν
471 1771 508 1839 δὲ
530 1771 589 1852 τόις
611 1771 792 1860 ἡγεμονίας
815 1773 964 1860 ἐχόντων
988 1773 1030 1843 οό
1051 1775 1145 1864 πρότε-

112 1902 137 1942 15
152 1903 214 1964 ρον
246 1877 417 1946 πεπύσθαι
448 1877 508 1958 τὰς
535 1878 746 1967 ἀπορρήτους
772 1878 898 1968 βουλὰς
927 1885 1146 1970 σκηπτομένων

150 1979 171 2071 ἢ
196 1987 233 2052 έν
262 1983 352 2076 αὐτῷ
379 1989 540 2072 γενέσθαι
569 1991 614 2078 τῷ
642 1986 765 2073 ἀγῶνι,
793 1985 893 2075 ἡνίκα
921 1986 1000 2056 οότε
1022 1988 1148 2057 κωλύειν

125 2089 229 2166 ,οὔτε
257 2089 301 2178 μὴ
329 2091 486 2178 πράττειν
514 2091 555 2160 τὰ
581 2092 783 2180 κελευόμενα
816 2095 852 2161 ἐν
884 2097 1020 2186 δυνατῷ
1048 2101 1149 2183 σφίσιν

151 2189 206 2284 ήν,
229 2196 295 2284 ήδη
320 2201 361 2266 δέ
375 2225 480 2266 τινων
499 2200 555 2268 καὶ
578 2200 630 2268 ἐπὶ
649 2198 712 2286 τήν
731 2198 894 2268 ἀκούσιον
914 2197 1068 2288 ἀνάγκηυ
1082 2200 1149 2270 ἀνα-

152 2302 327 2391 φερόντων
355 2305 393 2373 τὸ
417 2309 552 2393 πράγμα
581 2303 637 2373 διά
665 2310 803 2392 κηδείαν
826 2301 847 2393 ή
872 2303 929 2374 διά
952 2311 1150 2394 συγγένειαν·

153 2405 202 2492 οἷς
226 2409 244 2480 ό
272 2411 429 2499 βασιλεὺς
456 2409 622 2500 σιωπῆσαι
650 2413 809 2493 κελεύσας
837 2416 962 2494 ἔλεξεν·
1001 2414 1082 2484 Οὐδ’
1106 2414 1150 2501 ἐμὲ

150 2519 311 2605 λέληθεν,
343 2519 467 2608 ἀνδρες
492 2517 664 2606 Ἀλβανοί,
695 2519 825 2589 τούτων
859 2511 908 2588 ἀν
941 2519 1151 2608 ἀπολογεῖσθε

151 2621 271 2713 οὐδέν,
298 2624 383 2694 ἀλλά
410 2625 448 2695 τὸ
478 2627 540 2715 μὲν
562 2631 695 2724 πλήδος
721 2624 818 2714 ὑμῶν
842 2623 981 2713 ἀγνοεῖν
1004 2627 1066 2715 τήν
1086 2653 1150 2711 προ·
1193 2633 1194 2642 ’

151 2731 271 2798 δοσίαν
304 2742 417 2820 οίομαι
453 2733 714 2821 τεκμαιρόμενος
749 2731 802 2802 ότι
837 2738 974 2802 πολλῶν
1007 2733 1183 2804 συνειδό-ιιι

150 2860 218 2902 των
247 2836 328 2907 οὐδὲ
359 2839 420 2908 τόν
453 2841 628 2928 έλάχιστον
660 2843 786 2928 πέφυκε
817 2839 1011 2928 τάπόρρητα
1044 2843 1150 2910 σιωπῑι-
1193 2885 1194 2890 1

111 2959 137 2999 25
152 2949 234 3010 σθαι
253 2944 391 3034 χρόνον,
409 2952 478 3016 τῶν
496 2948 533 3016 δὲ
551 2949 738 3037 ταξιαρχῶν
757 2974 792 3016 τε
810 2948 865 3014 καλ
884 2953 1040 3034 λοχαγῶν
1057 2944 1150 3036 βραχό
1193 2905 1194 2992 ί

151 3072 183 3114 τι
206 3055 307 3139 μέρος
329 3051 476 3142 ήγοῦμαι
499 3053 536 3123 τό
561 3058 873 3139 συνεπιβουλεῦσαν
892 3051 974 3142 ήμίν
993 3058 1148 3142 γενέσθαι,

112 2383 132 2444 2

111 2469 137 2508 20

204 3216 238 3294 ε2
268 3209 422 3282 φυλάττειν
450 3215 472 3268 Β
554 3219 570 3268 5
599 3209 664 3267 οὔτε
689 3213 735 3268 Ba
763 3207 797 3268 οό
823 3210 855 3268 τό
879 3215 956 3269 ABb
1039 3222 1055 3270 6
1082 3209 1146 3268 οόΑ

153 3281 167 3329 7
196 3281 431 3356 υπολογιζόμευοι
457 3287 480 3338 Β
513 3281 687 3352 λογιζόμενοι
713 3287 737 3338 Α
828 3291 843 3340 9
871 3283 901 3340 οί
925 3287 1036 3342 κτίσται
1062 3282 1147 3342 Reiske

152 3347 276 3406 οἴκτιστα
295 3355 340 3409 Ba
359 3358 484 3410 οἴκτιστα
502 3355 580 3408 BbR
598 3357 727 3422 αἴσχιστα
746 3355 867 3444 Sylburg
940 3364 973 3412 10
992 3347 1145 3438 πολεμιωμί-

151 3421 243 3473 τωυΒ
262 3428 403 3494 πολεμίων
419 3427 444 3478 R
498 3430 531 3478 17
551 3419 589 3494 μή
608 3425 740 3480 Bomss
795 3432 827 3482 18
844 3422 1007 3483 εκοόσιονΒ
1043 3436 1077 3484 20
1094 3426 1145 3484 ονελ

152 3488 186 3536 22
206 3487 298 3545 οόθὲν
316 3496 339 3547 Β
359 3489 444 3549 οὐδέν
463 3496 488 3548 Β,
560 3501 594 3548 24
613 3488 647 3547 τά
666 3490 814 3565 ἀπόρρητα
835 3499 909 3553 BbR
