2408 3928
450 228 615 282 -Β-
973 227 1037 294 201

41 389 148 466 παῖδας
169 390 214 466 είς
242 385 421 475 ὁμηρείαν,
452 382 512 469 οὓς
540 387 713 475 ἐβούλετο,
742 386 855 476 λαβόιν
884 389 936 457 ἐπὶ
960 387 1040 468 τοὺς

38 490 241 580 Ἀντεμνάτας
270 493 395 584 ἐχύρει.
448 493 631 583 γενόμενος
660 493 697 563 δὲ
728 496 783 563 καλ
813 498 873 584 τῆς
900 497 1038 564 ἐκείνων

42 599 200 686 δυνάμεως
230 603 476 690 ἐσκεδασμένης
509 607 556 672 ἐτι
587 600 671 672 κατὰ
703 600 763 682 τάς
793 600 968 690 προνομάς
998 605 1038 691 τῆ

41 703 107 791 παρ’
130 709 262 789 ἐλπίδας
291 707 406 800 ἐφόδῳ
438 707 593 798 καθάπερ
624 709 680 777 καί
707 713 767 796 τῆς
794 711 958 797 προτέρας
987 710 1039 793 ἐγ·

42 812 146 901 κρατῆς
163 817 219 884 καὶ
240 814 280 885 τὰ
302 813 389 886 αύτά
411 814 491 897 τούς
511 813 657 896 ἁλόντας
680 816 811 896 διαθεὶς
832 814 961 903 ἀπῆγεν
985 811 1035 882 ἐπ’
1066 841 1079 882 ε
1184 901 1185 908 χ

44 927 123 988 οίκου
139 921 199 1010 τῆν
222 921 380 1010 δύναμιν,
398 922 492 1010 ἄγων
516 921 622 993 σκῦλά
639 949 675 992 τε
696 920 761 992 άπὸ
782 925 851 991 τῶν
873 920 1038 990 πεπτωκό-

41 1027 187 1098 τουκατά
204 1028 268 1117 τῆν
286 1029 396 1119 μάχην
415 1031 470 1100 καὶ
484 1028 668 1118 ἀκροθίνια
681 1027 846 1118 λαφύρων
860 1037 966 1113 θεοῖς,
982 1028 1037 1096 καλ

43 1133 147 1216 πολλὰς
169 1135 238 1224 άμα
260 1137 393 1218 τούτοις
415 1143 540 1217 θυσίας
563 1135 751 1225 ἐποιήσατο.
788 1143 977 1215 τελευταῖος
1001 1134 1078 1203 δδ2

46 1243 88 1326 τῆς
104 1248 235 1331 πομπῆς
257 1240 359 1326 αύτὸς
383 1243 560 1332 ἐπορεύετο
580 1245 707 1330 ἐσθῆτα
726 1242 788 1331 μὲν
810 1239 1039 1330 ἠμφιεσμένος

44 1344 188 1439 άλουρμῆ,
213 1350 327 1441 δάφνη
352 1350 390 1420 δὲ
412 1353 674 1438 κατεστεμμένος
695 1347 754 1430 τὰς
773 1348 879 1436 κόμας
901 1348 956 1415 καί
979 1351 1038 1417 ’ίνα
1053 1373 1078 1414 ιο

16 1452 76 1522 σιιὸ
96 1461 267 1543 βασίλειον
290 1456 419 1546 ἀξίωμα
447 1455 534 1547 σοι’ζη
566 1460 740 1546 τεθρίππῳ
770 1453 1039 1544 παρεμβεβηκώς.

41 1559 103 1646 ἡδ’
127 1562 210 1652 άλλη
235 1563 380 1651 δύναμις
403 1562 493 1657 αύτῷ
517 1560 768 1653 παρηκολούθει
794 1565 901 1644 πεζῶν
924 1587 959 1630 τε
982 1562 1038 1630 καὶ

42 1670 149 1738 ἱππέων
185 1673 416 1759 κεκοσμημένη
453 1668 536 1740 κατὰ
567 1672 645 1757 τέλη
678 1668 783 1750 θεούς
814 1695 849 1738 τε
882 1667 1039 1757 ὑμνοῦσα

40 1782 173 1865 πατρίοις
195 1775 300 1868 ᾠδαῖς
322 1778 378 1845 καὶ
406 1775 466 1846 τὸν
490 1774 641 1864 ἡγεμόνα
662 1780 873 1846 κυδαίνουσα
896 1775 1038 1864 ποιῆμα-

40 1899 82 1947 σιν
103 1880 340 1972 αύτοσχεδίοις.
387 1888 422 1954 οί
443 1882 474 1951 δ’
502 1886 537 1952 ἐκ
560 1887 619 1971 τῆς
640 1883 769 1964 πόλεως
796 1880 955 1971 ὑπήντων
979 1880 1037 1950 αύ-
1052 1906 1078 1947 15

39 2000 94 2067 τοῖς
114 1986 181 2076 ἅμα
203 1993 343 2077 γυναιξί
365 2016 400 2058 τε
423 1991 478 2058 καί
508 1992 638 2071 τέκνοις
660 1989 739 2078 παρ’
765 1988 867 2078 άμφω
890 1988 931 2059 τά
953 1991 1036 2077 μέρη
1119 1989 1128 2024 ⁵

39 2096 84 2178 τῆς
104 2092 187 2164 ὁδοῦ
210 2100 250 2186 τῆ
273 2123 308 2164 τε
329 2102 406 2186 νίκη
426 2095 655 2184 συνηδόμενοι
673 2097 729 2164 καί
747 2094 810 2183 τῆν
829 2094 936 2182 ἄλλην
955 2093 1037 2163 άπα-

40 2218 89 2269 σαν
116 2201 368 2291 ἐνδεικνύμενοι
400 2202 671 2292 φιλοφροσύνην.
722 2199 767 2282 ὡς
794 2202 832 2271 δέ
861 2205 1037 2288 παρῆλθεν

40 2302 216 2397 ἡδύναμις
247 2313 295 2390 είς
326 2307 389 2397 τῆν
422 2309 522 2379 πόλιν
554 2312 720 2396 κρατῆρσί
747 2334 783 2377 τε
815 2306 1037 2394 ἐπετύγχανεν

17 2421 112 2505 λιοίνρι
133 2417 351 2504 κεκραμένοις
373 2416 429 2484 καὶ
451 2417 625 2503 τραπέζαις
651 2417 779 2503 τροφῆς
801 2419 963 2494 παντοίας
984 2441 1037 2500 με-
1051 2438 1078 2477 ιο

42 2520 178 2609 μούσαις,
216 2528 255 2590 αθ
287 2520 378 2611 παρά
413 2521 473 2602 τὰς
513 2520 778 2609 ἐπιφανεστάτας
813 2525 882 2590 τῶν
920 2525 1037 2590 οίκιῶν

42 2631 164 2716 ἔκειντο,
187 2632 246 2698 ἵνα
270 2629 494 2717 ἐμφορεῖσθαι
517 2641 588 2710 τοϊς
610 2628 841 2714 βουλομένοις·
854 2619 885 2716 ῆ.
933 2625 951 2716 ῆ
976 2626 1073 2716 μέν3

43 2725 90 2801 οὖν
111 2734 273 2818 ἐπινίκιός
294 2761 330 2804 τε
353 2737 409 2804 καὶ
431 2733 681 2824 τροπαιοφόρος
704 2734 817 2822 πομπῆ
841 2735 897 2803 καὶ
920 2741 1038 2821 θυσία,

42 2834 74 2924 ῆν
92 2846 230 2913 καλοῦσι
244 2841 401 2931 Ῥωμαῖοι
420 2847 604 2930 θρίαμβον,
624 2839 690 2910 ὑπὸ
708 2838 882 2929 Ῥωμύλου
901 2841 1039 2930 πρότου

98 3069 322 3145 λἰίντεμνάτας]
341 3069 494 3136 λοιπούςΤ
548 3081 563 3130 6
583 3071 702 3128 οίιιωνΟ
722 3069 912 3132 πεπτωκότων
930 3076 1037 3132 Βδολισ·

45 3138 75 3193 ler
97 3141 237 3200 πεσόντων
269 3144 413 3216 Kiessling
440 3139 651 3199 ἀποθανόντων
682 3144 729 3199 vel
756 3138 883 3199 ἁλόντων
918 3145 1038 3216 steph&

45 3227 84 3265 nus
111 3210 295 3272 ἀπολωλότων
317 3214 420 3271 Reiske
452 3212 581 3270 άποίκων
603 3213 626 3267 Τ
711 3220 726 3269 ’ί
749 3218 831 3276 θεοῖς
857 3210 993 3284 λαφύρων
1016 3217 1039 3269 Τ
1132 3273 1135 3280 ,

46 3279 197 3356 θέιθῆτιΒ
253 3293 287 3342 10
305 3282 426 3358 άλουρηῖ
437 3287 483 3341 Bb
501 3281 669 3356 ἆλουρχῆΙδ
725 3293 759 3341 14
768 3289 902 3354 πατρίους
921 3302 944 3340 ο.
958 3285 1039 3342 Gele-

46 3353 93 3410 nius
157 3365 191 3413 16
210 3378 240 3414 τε
261 3376 315 3414 om.
335 3357 478 3429 ΒΙμέρηι
495 3357 544 3430 Β,
580 3363 613 3411 17
633 3352 815 3428 συνιδόμενοι
833 3357 879 3411 Ba
940 3364 974 3412 20
993 3377 1038 3412 κε·

48 3426 175 3495 ιραμὲνοις
193 3430 216 3483 Β
241 3429 431 3501 κεκραμέναις
449 3429 475 3482 R
547 3433 580 3482 22
600 3433 658 3492 τοῖς
682 3423 874 3499 ἐμφορεῖσθαι
893 3425 925 3496 Ο,
949 3430 1039 3484 trans·

47 3498 123 3560 posuit
138 3501 274 3558 Bficheler
