2408 3928
475 241 640 296 -Β-
827 325 837 342 ⁶
997 241 1064 308 εοε

64 402 213 489 ε’πχνεῖτο,
236 408 419 470 συνελθεῖν
442 399 602 484 κελεύσας
628 400 688 483 τὰς
709 416 871 489 γυναῖκας
898 399 977 470 όσαι
1002 405 1064 471 τοῦ

63 533 92 575 τε
110 505 332 596 Ἀντεμνατῶν
354 507 495 578 καὶτοῦ
518 511 727 578 Καινινιτῶν
755 507 941 596 ἐτύγχανον
965 500 1065 578 ούσατ

24 613 188 701 ελογίνους,
219 611 430 702 ἡρπασμέναι
469 614 507 684 δὲ
544 612 613 703 ἅμα
649 627 722 694 ταῖς
757 613 889 702 ἄλλαις,
919 615 988 684 ἐπεὶ
1026 613 1065 683 δὲ

65 723 224 808 συνῆλθον
262 718 519 811 ὀλοφυρόμεναί
551 748 586 791 τε
622 721 677 790 καὶ
708 720 972 810 προκυλιόμεναι
1008 721 1064 790 καὶ

65 824 112 906 πὺς
130 831 196 896 τῶν
218 831 393 917 πατρίδων
416 827 660 898 ἀνακλαίουσαι
683 827 799 917 τύχας,
822 831 970 916 ἐπισχεῖν
992 830 1063 897 τῶν
1090 848 1105 892 ο

66 930 209 1022 ὀδυρμῶν
245 934 301 1004 καί
338 939 505 1023 σιωπῆσαι
541 936 701 1017 κελεύσας
737 938 838 1018 ἔλεξε·
888 941 966 1015 Τοῖς
1002 933 1106 1023 μὺν3

65 1038 220 1128 ὑμετέροις
243 1043 387 1130 πατράσι
410 1044 466 1112 καί
490 1041 652 1131 ἀδελφοῖς
676 1042 731 1111 καὶ
756 1041 851 1123 ὅλαις
873 1055 945 1122 ταῖς
967 1040 1064 1110 πόλι·

66 1166 109 1215 σιν
130 1145 225 1236 ὑμῶν
249 1147 380 1218 ἅπαντα
402 1148 443 1218 τὰ
467 1147 562 1218 δεινδι
587 1148 756 1238 ὀφείλεται
774 1158 910 1235 παθεῖν,
934 1147 987 1219 ὅτι
1004 1148 1064 1217 πό-

68 1261 152 1341 λεμον
176 1253 252 1325 ἀντὶ
275 1261 389 1344 φιλίας
418 1255 494 1325 οὔτε
521 1254 707 1344 ἀναγκαῖον
736 1255 814 1326 οὔτε
841 1253 947 1326 καλὸν
975 1253 1064 1324 ύνεί

65 1368 163 1430 λοντο·
199 1359 295 1450 ἡμεῖς
330 1362 368 1431 δὲ
398 1367 535 1432 πολλῶν
569 1365 683 1432 ἕνεκεν
720 1361 912 1451 ἐγνώκαμεν
949 1365 1065 1453 μετρίμ
1080 1391 1108 1432 ιο

64 1467 240 1554 χρήσασθαι
277 1469 395 1559 γνύμχ
436 1468 520 1560 πρὸς
561 1468 683 1551 αὐτοὺς
723 1474 816 1539 θεῶν
856 1495 892 1538 τε
928 1471 1065 1556 νέμεσιν
1113 1545 1118 1553 .

64 1569 266 1662 ὑφορύμενοι
292 1574 354 1664 τὴν
382 1574 487 1646 ῶπασι
514 1591 585 1657 τοῖς
617 1574 817 1667 ὑπερόγκοις
844 1579 1065 1663 ἐνισταμένην

63 1681 108 1747 καὶ
131 1678 322 1771 ἄνθρῶπυν
346 1681 484 1769 φθόνον
508 1683 657 1764 δεδιότες
681 1683 775 1752 ἔλεόν
802 1709 836 1752 τε
858 1685 986 1752 κοινῶν
1008 1708 1064 1751 κα-

63 1789 124 1854 κῶν
146 1784 185 1856 ού
208 1786 328 1876 μικρὸν
349 1793 473 1877 ἔρανον
496 1787 583 1858 εἶναι
602 1796 806 1878 νομίζοντες,
824 1785 868 1870 ῶς
885 1784 950 1857 κᾶν
969 1787 1068 1858 αύτοί

63 1917 132 1962 ποτε
150 1897 211 1964 τού
230 1891 311 1983 παρ’
333 1895 456 1983 ἑτέρων
478 1897 668 1982 δεηθέντες,
687 1893 769 1983 ὑμῖν
786 1921 822 1964 τε
841 1891 882 1962 ού
906 1907 1067 1982 μεμπταῖς
1082 1923 1109 1963 ιι

64 1996 279 2088 ὑπαρχούσαις
310 2001 406 2089 μέχρι
438 2005 538 2071 τούδε
566 2002 642 2089 περὶ
669 1999 748 2082 τοὺς
776 2002 906 2070 ἑαυτῶν
938 1998 1067 2087 ἄνδρας

66 2103 239 2194 οὐμικρόν
264 2105 416 2195 οἰόμενοι
439 2099 564 2195 ταύύην
590 2113 729 2177 ἔσεσθαι
756 2107 857 2196 τιμὴν
878 2108 935 2175 καὶ
957 2106 1066 2194 χάριν.

65 2219 211 2301 παρίεμεν·
241 2205 304 2282 οὖν
333 2211 447 2296 αὑτοῖς
476 2213 537 2302 τὴν
566 2212 743 2302 ὑμαρτύδα
769 2213 895 2300 ταύτην
925 2210 1109 2299 &grimm

66 2320 111 2388 καί
132 2319 206 2390 οὔτε
230 2322 429 2408 ἐλευθερίαν
454 2319 530 2390 οῶτε
552 2325 671 2409 κτῆσιν
696 2318 768 2390 οὔτ’
789 2318 871 2388 ἄλλο
894 2320 963 2388 τῶν
986 2316 1065 2405 αἰγα-

66 2430 129 2494 θῶν
152 2425 255 2496 οὐδὲν
277 2425 357 2508 τοὺς
374 2433 511 2508 πολίτας
529 2425 626 2515 ὑμῶν
645 2425 892 2515 ἀφαιρούμεθα.
930 2427 1065 2513 ἐφίεμεν
1079 2455 1108 2496 ιο

32 2531 101 2599 311δὺ
120 2545 187 2615 τοῖς
210 2561 245 2604 τε
273 2535 388 2622 μένειν
416 2535 628 2622 γλιχομένοις
652 2535 720 2602 ἐκεῖ
744 2533 800 2602 καὶ
823 2545 894 2613 τοῖς
916 2533 1067 2620 μετενέγ-

67 2648 177 2709 κασθαι
208 2643 431 2729 βουλομένοις
461 2640 521 2722 τὰς
549 2639 694 2729 οἰκήσεις
725 2637 912 2709 ἀκίνδυνόν
944 2666 979 2708 τε
1012 2639 1067 2707 καὶ

68 2741 300 2834 ὑμεταμίλτμον
322 2745 385 2834 τὴν
409 2750 549 2836 αἵρεσιν.
594 2751 655 2817 τού
680 2745 718 2816 δὲ
741 2745 848 2835 μηδὲν
873 2751 920 2815 ἔτι
944 2744 1068 2826 αύτούς

69 2850 288 2941 ἐπεξαμαρτεῖν
312 2854 390 2942 μηδ’
413 2852 601 2944 εὑρεθῆναί
620 2880 652 2923 τι
670 2857 792 2943 χρῆμα,
816 2847 835 2922 ὑ
856 2852 990 2941 ποιήσει
1009 2851 1068 2933 τὰς

68 2955 166 3039 πόλεις
189 2959 416 3028 διαλύσασθαι
438 2958 500 3049 τὴν
523 2957 607 3046 πρὸς
624 2957 714 3047 ἡμᾶς
737 2964 867 3046 φιλίαν,
887 2957 1066 3047 φάρμακον
1081 2987 1109 3028 ει

69 3059 228 3152 ἡγούμεθα
251 3065 430 3155 κρύτιστον
453 3065 541 3136 είυαι
563 3065 648 3154 πρὸς
671 3064 829 3149 εὐδοξίαν
851 3091 887 3145 τε
909 3063 1068 3152 καὶπρὸς

113 3230 126 3280 1
141 3229 290 3282 συνελθεῖν
304 3221 472 3290 κελεύσαςΒ
490 3243 513 3281 σ.
524 3223 579 3297 γὰρ
592 3229 684 3282 nemi
721 3225 928 3296 2eflp.202,10
973 3230 989 3279 3
1006 3221 1069 3280 ἐπεῖ

71 3292 96 3348 δὲ
112 3293 249 3369 Kiensling
279 3293 422 3366 ἐπειδὴΟ
453 3293 604 3367 ἐπειδὴδὲ
628 3315 651 3353 ο.
675 3298 814 3352 Βδολεεῖετ
891 3301 907 3352 8
930 3291 1068 3350 πόντοΟ

73 3369 99 3420 10
114 3365 261 3425 *δυεκαΟ
337 3373 371 3424 14
389 3369 496 3439 μικρῶν
515 3369 560 3425 Ba
584 3370 589 3440 Ι
613 3363 668 3424 κόν
687 3369 827 3438 Kiessling
845 3365 936 3422 καὺΟ
965 3359 1001 3420 διν
1020 3367 1069 3421 καί

72 3433 191 3496 Βᾱολεῖετ
272 3445 307 3496 20
325 3434 515 3511 όφελοόμεδα
543 3456 566 3495 ο.
591 3440 679 3496 Cobet
708 3440 772 3495 Obs.
798 3456 827 3508 p.
851 3444 884 3494 47
966 3442 1001 3492 26
1020 3437 1069 3491 καῖ

73 3504 129 3576 πρὸς
145 3506 303 3582 όσφόλειαν
321 3512 345 3565 Β
363 3506 435 3582 πρὸς
454 3528 508 3568 om.
522 3507 552 3566 'R
