<?xml version="1.0" encoding="UTF-8"?>
<!DOCTYPE html PUBLIC "-//W3C//DTD XHTML 1.0 Transitional//EN"
    "http://www.w3.org/TR/xhtml1/DTD/xhtml1-transitional.dtd">
<html xmlns="http://www.w3.org/1999/xhtml" xml:lang="en" lang="en">
 <head>
  <title>
</title>
<meta http-equiv="Content-Type" content="text/html;charset=utf-8" />
  <meta name='ocr-system' content='tesseract 3.04.00' />
  <meta name='ocr-capabilities' content='ocr_page ocr_carea ocr_par ocr_line ocrx_word'/>
</head>
<body>
  <div class='ocr_page' id='page_1' title='image "./antiquitatumrom00jacogoog_0354.png"; bbox 0 0 2404 3918; ppageno 0'>
   <div class='ocr_carea' id='block_1_1' title="bbox 167 214 759 280">
    <p class='ocr_par' dir='ltr' id='par_1_1' title="bbox 167 214 759 280">
     <span class='ocr_line' id='line_1_1' title="bbox 167 214 759 280; baseline -0.005 0"><span class='ocrx_word' id='word_1_1' title='bbox 167 214 233 280; x_wconf 83' lang='lat'><strong><em>340</em></strong></span> <span class='ocrx_word' id='word_1_2' title='bbox 590 217 759 268; x_wconf 84' lang='grc' dir='ltr'><strong><em>-Γ-</em></strong></span> 
     </span>
    </p>
   </div>
   <div class='ocr_carea' id='block_1_2' title="bbox 126 370 1186 3081">
    <p class='ocr_par' dir='ltr' id='par_1_2' title="bbox 126 370 1186 3081">
     <span class='ocr_line' id='line_1_2' title="bbox 127 370 1157 467; baseline -0.006 -23"><span class='ocrx_word' id='word_1_3' title='bbox 127 377 213 467; x_wconf 78' lang='grc' dir='ltr'><strong><em>δτῷ</em></strong></span> <span class='ocrx_word' id='word_1_4' title='bbox 236 371 301 463; x_wconf 91' lang='grc' dir='ltr'><strong><em>πρὸ</em></strong></span> <span class='ocrx_word' id='word_1_5' title='bbox 329 373 453 444; x_wconf 89' lang='grc' dir='ltr'><strong><em>τούτου</em></strong></span> <span class='ocrx_word' id='word_1_6' title='bbox 479 372 569 465; x_wconf 80' lang='grc' dir='ltr'><strong><em>λόνςο</em></strong></span> <span class='ocrx_word' id='word_1_7' title='bbox 599 373 789 462; x_wconf 86' lang='grc' dir='ltr'><strong><em>δεδήλωταί</em></strong></span> <span class='ocrx_word' id='word_1_8' title='bbox 813 399 879 462; x_wconf 90' lang='grc' dir='ltr'><strong><em>μοι.</em></strong></span> <span class='ocrx_word' id='word_1_9' title='bbox 925 375 961 442; x_wconf 92' lang='grc' dir='ltr'><strong><em>έκ</em></strong></span> <span class='ocrx_word' id='word_1_10' title='bbox 982 370 1105 442; x_wconf 90' lang='grc' dir='ltr'><strong><em>τούτων</em></strong></span> <span class='ocrx_word' id='word_1_11' title='bbox 1127 373 1157 460; x_wconf 77' lang='grc' dir='ltr'><strong><em>δή</em></strong></span> 
     </span>
     <span class='ocr_line' id='line_1_3' title="bbox 165 479 1157 570; baseline -0.006 -18"><span class='ocrx_word' id='word_1_12' title='bbox 165 486 233 552; x_wconf 77' lang='grc' dir='ltr'><strong><em>τόν</em></strong></span> <span class='ocrx_word' id='word_1_13' title='bbox 270 479 486 570; x_wconf 75' lang='grc' dir='ltr'><strong><em>ἐγκλημάτων</em></strong></span> <span class='ocrx_word' id='word_1_14' title='bbox 518 486 566 561; x_wconf 87' lang='grc' dir='ltr'><strong><em>είς</em></strong></span> <span class='ocrx_word' id='word_1_15' title='bbox 601 479 750 569; x_wconf 88' lang='grc' dir='ltr'><strong><em>πόλεμον</em></strong></span> <span class='ocrx_word' id='word_1_16' title='bbox 784 479 1005 561; x_wconf 78' lang='grc' dir='ltr'><strong><em>καταστάντες</em></strong></span> <span class='ocrx_word' id='word_1_17' title='bbox 1038 479 1157 570; x_wconf 75' lang='grc' dir='ltr'><strong><em>ἐξῄεσαν</em></strong></span> 
     </span>
     <span class='ocr_line' id='line_1_4' title="bbox 166 586 1158 677; baseline -0.004 -19"><span class='ocrx_word' id='word_1_18' title='bbox 166 595 214 670; x_wconf 83' lang='grc' dir='ltr'><strong><em>είς</em></strong></span> <span class='ocrx_word' id='word_1_19' title='bbox 235 587 410 677; x_wconf 76' lang='grc' dir='ltr'><strong><em>ὕπαιθρον</em></strong></span> <span class='ocrx_word' id='word_1_20' title='bbox 428 586 615 676; x_wconf 82' lang='grc' dir='ltr'><strong><em>ἀμφότεροι</em></strong></span> <span class='ocrx_word' id='word_1_21' title='bbox 639 586 804 675; x_wconf 79' lang='grc' dir='ltr'><strong><em>δυνάμεσι</em></strong></span> <span class='ocrx_word' id='word_1_22' title='bbox 827 595 977 673; x_wconf 86' lang='grc' dir='ltr'><strong><em>πολλαῖς,</em></strong></span> <span class='ocrx_word' id='word_1_23' title='bbox 994 591 1117 674; x_wconf 78' lang='grc' dir='ltr'><strong><em>γίνεταί</em></strong></span> <span class='ocrx_word' id='word_1_24' title='bbox 1132 614 1158 654; x_wconf 86' lang='grc' dir='ltr'><strong><em>τι</em></strong></span> 
     </span>
     <span class='ocr_line' id='line_1_5' title="bbox 166 691 1186 783; baseline -0.004 -19"><span class='ocrx_word' id='word_1_25' title='bbox 166 694 280 765; x_wconf 81' lang='grc' dir='ltr'><strong><em>αύτῶν</em></strong></span> <span class='ocrx_word' id='word_1_26' title='bbox 300 697 335 764; x_wconf 88' lang='grc' dir='ltr'><strong><em>ἐκ</em></strong></span> <span class='ocrx_word' id='word_1_27' title='bbox 353 694 566 783; x_wconf 79' lang='grc' dir='ltr'><strong><em>παρατάξεως</em></strong></span> <span class='ocrx_word' id='word_1_28' title='bbox 583 692 690 781; x_wconf 79' lang='grc' dir='ltr'><strong><em>ἀμόν·</em></strong></span> <span class='ocrx_word' id='word_1_29' title='bbox 714 696 873 782; x_wconf 74' lang='grc' dir='ltr'><strong><em>διέμενον</em></strong></span> <span class='ocrx_word' id='word_1_30' title='bbox 891 691 956 782; x_wconf 79' lang='grc' dir='ltr'><strong><em>γὰρ</em></strong></span> <span class='ocrx_word' id='word_1_31' title='bbox 973 692 1186 782; x_wconf 75' lang='grc' dir='ltr'><strong><em>ἀγχωμάλωςοσ</em></strong></span> 
     </span>
     <span class='ocr_line' id='line_1_6' title="bbox 139 799 1158 890; baseline -0.003 -19"><span class='ocrx_word' id='word_1_32' title='bbox 139 801 410 890; x_wconf 71' lang='grc' dir='ltr'><strong><em>ῦάγωνιζόμενοι</em></strong></span> <span class='ocrx_word' id='word_1_33' title='bbox 438 802 494 870; x_wconf 82' lang='grc' dir='ltr'><strong><em>καὶ</em></strong></span> <span class='ocrx_word' id='word_1_34' title='bbox 523 801 731 888; x_wconf 78' lang='grc' dir='ltr'><strong><em>διελύθησαν</em></strong></span> <span class='ocrx_word' id='word_1_35' title='bbox 758 799 824 870; x_wconf 81' lang='grc' dir='ltr'><strong><em>ὑπὸ</em></strong></span> <span class='ocrx_word' id='word_1_36' title='bbox 852 806 911 890; x_wconf 81' lang='grc' dir='ltr'><strong><em>της</em></strong></span> <span class='ocrx_word' id='word_1_37' title='bbox 935 799 1056 882; x_wconf 86' lang='grc' dir='ltr'><strong><em>νυκτὸς</em></strong></span> <span class='ocrx_word' id='word_1_38' title='bbox 1077 800 1158 888; x_wconf 79' lang='grc' dir='ltr'><strong><em>ἀμοί-</em></strong></span> 
     </span>
     <span class='ocr_line' id='line_1_7' title="bbox 165 907 1158 997; baseline -0.003 -19"><span class='ocrx_word' id='word_1_39' title='bbox 165 918 271 996; x_wconf 79' lang='grc' dir='ltr'><strong><em>λομον</em></strong></span> <span class='ocrx_word' id='word_1_40' title='bbox 293 909 531 989; x_wconf 78' lang='grc' dir='ltr'><strong><em>καταλιπόντες</em></strong></span> <span class='ocrx_word' id='word_1_41' title='bbox 552 907 591 977; x_wconf 89' lang='grc' dir='ltr'><strong><em>τὸ</em></strong></span> <span class='ocrx_word' id='word_1_42' title='bbox 614 914 747 997; x_wconf 81' lang='grc' dir='ltr'><strong><em>νίκημα</em></strong></span> <span class='ocrx_word' id='word_1_43' title='bbox 792 923 865 990; x_wconf 90' lang='grc' dir='ltr'><strong><em>ταῖς</em></strong></span> <span class='ocrx_word' id='word_1_44' title='bbox 888 907 919 977; x_wconf 89' lang='grc' dir='ltr'><strong><em>δ’</em></strong></span> <span class='ocrx_word' id='word_1_45' title='bbox 948 911 1021 997; x_wconf 80' lang='grc' dir='ltr'><strong><em>ἑξῆς</em></strong></span> <span class='ocrx_word' id='word_1_46' title='bbox 1042 907 1158 997; x_wconf 77' lang='grc' dir='ltr'><strong><em>ἡμέραις</em></strong></span> 
     </span>
     <span class='ocr_line' id='line_1_8' title="bbox 166 1013 1157 1104; baseline -0.001 -20"><span class='ocrx_word' id='word_1_47' title='bbox 166 1015 336 1104; x_wconf 79' lang='grc' dir='ltr'><strong><em>μαθόντες</em></strong></span> <span class='ocrx_word' id='word_1_48' title='bbox 371 1013 559 1104; x_wconf 85' lang='grc' dir='ltr'><strong><em>ἀμφότεροι</em></strong></span> <span class='ocrx_word' id='word_1_49' title='bbox 592 1018 662 1084; x_wconf 79' lang='grc' dir='ltr'><strong><em>τῶν</em></strong></span> <span class='ocrx_word' id='word_1_50' title='bbox 697 1041 734 1084; x_wconf 88' lang='grc' dir='ltr'><strong><em>τε</em></strong></span> <span class='ocrx_word' id='word_1_51' title='bbox 770 1013 997 1086; x_wconf 82' lang='grc' dir='ltr'><strong><em>ἀπολωλότων</em></strong></span> <span class='ocrx_word' id='word_1_52' title='bbox 1027 1017 1082 1086; x_wconf 80' lang='grc' dir='ltr'><strong><em>καλ</em></strong></span> <span class='ocrx_word' id='word_1_53' title='bbox 1106 1020 1157 1084; x_wconf 81' lang='grc' dir='ltr'><strong><em>τόν</em></strong></span> 
     </span>
     <span class='ocr_line' id='line_1_9' title="bbox 165 1120 1156 1212; baseline -0.002 -21"><span class='ocrx_word' id='word_1_54' title='bbox 165 1127 380 1210; x_wconf 75' lang='grc' dir='ltr'><strong><em>τραυματιῶν</em></strong></span> <span class='ocrx_word' id='word_1_55' title='bbox 425 1122 463 1192; x_wconf 91' lang='grc' dir='ltr'><strong><em>τὸ</em></strong></span> <span class='ocrx_word' id='word_1_56' title='bbox 504 1126 636 1211; x_wconf 76' lang='grc' dir='ltr'><strong><em>πλῆθος</em></strong></span> <span class='ocrx_word' id='word_1_57' title='bbox 682 1120 793 1192; x_wconf 86' lang='grc' dir='ltr'><strong><em>ούκέτι</em></strong></span> <span class='ocrx_word' id='word_1_58' title='bbox 838 1138 960 1212; x_wconf 87' lang='grc' dir='ltr'><strong><em>πεῖραν</em></strong></span> <span class='ocrx_word' id='word_1_59' title='bbox 1000 1122 1156 1212; x_wconf 81' lang='grc' dir='ltr'><strong><em>ἐβούλοντο</em></strong></span> 
     </span>
     <span class='ocr_line' id='line_1_10' title="bbox 167 1224 1156 1318; baseline -0.001 -21"><span class='ocrx_word' id='word_1_60' title='bbox 167 1230 284 1314; x_wconf 82' lang='grc' dir='ltr'><strong><em>ἑτέρου</em></strong></span> <span class='ocrx_word' id='word_1_61' title='bbox 306 1235 424 1315; x_wconf 84' lang='grc' dir='ltr'><strong><em>λαβεῖν</em></strong></span> <span class='ocrx_word' id='word_1_62' title='bbox 447 1226 595 1314; x_wconf 75' lang='grc' dir='ltr'><strong><em>ἀγῶνος,</em></strong></span> <span class='ocrx_word' id='word_1_63' title='bbox 622 1224 695 1296; x_wconf 89' lang='grc' dir='ltr'><strong><em>ἀλλ’</em></strong></span> <span class='ocrx_word' id='word_1_64' title='bbox 721 1228 913 1310; x_wconf 81' lang='grc' dir='ltr'><strong><em>ἐκλιπόντες</em></strong></span> <span class='ocrx_word' id='word_1_65' title='bbox 934 1228 1015 1310; x_wconf 86' lang='grc' dir='ltr'><strong><em>τοὺς</em></strong></span> <span class='ocrx_word' id='word_1_66' title='bbox 1037 1228 1156 1318; x_wconf 79' lang='grc' dir='ltr'><strong><em>χάρακας</em></strong></span> 
     </span>
     <span class='ocr_line' id='line_1_11' title="bbox 166 1332 1155 1425; baseline -0.002 -22"><span class='ocrx_word' id='word_1_67' title='bbox 166 1333 331 1425; x_wconf 89' lang='grc' dir='ltr'><strong><em>ἀπῄεσαν·</em></strong></span> <span class='ocrx_word' id='word_1_68' title='bbox 353 1336 411 1404; x_wconf 83' lang='grc' dir='ltr'><strong><em>καὶ</em></strong></span> <span class='ocrx_word' id='word_1_69' title='bbox 434 1333 646 1414; x_wconf 74' lang='grc' dir='ltr'><strong><em>διαλιπόντες</em></strong></span> <span class='ocrx_word' id='word_1_70' title='bbox 667 1332 729 1404; x_wconf 89' lang='grc' dir='ltr'><strong><em>τὸν</em></strong></span> <span class='ocrx_word' id='word_1_71' title='bbox 748 1335 906 1405; x_wconf 84' lang='grc' dir='ltr'><strong><em>ἐνιαυτὸν</em></strong></span> <span class='ocrx_word' id='word_1_72' title='bbox 930 1339 1062 1405; x_wconf 89' lang='grc' dir='ltr'><strong><em>ἐκεῖνον</em></strong></span> <span class='ocrx_word' id='word_1_73' title='bbox 1079 1333 1155 1404; x_wconf 84' lang='grc' dir='ltr'><strong><em>πόλιν</em></strong></span> 
     </span>
     <span class='ocr_line' id='line_1_12' title="bbox 167 1439 1149 1532; baseline -0.005 -21"><span class='ocrx_word' id='word_1_74' title='bbox 167 1441 307 1532; x_wconf 77' lang='grc' dir='ltr'><strong><em>ἐξῄεσαν</em></strong></span> <span class='ocrx_word' id='word_1_75' title='bbox 348 1440 400 1510; x_wconf 88' lang='grc' dir='ltr'><strong><em>ἐπ’</em></strong></span> <span class='ocrx_word' id='word_1_76' title='bbox 436 1439 604 1528; x_wconf 81' lang='grc' dir='ltr'><strong><em>ἀλλήλους</em></strong></span> <span class='ocrx_word' id='word_1_77' title='bbox 648 1447 802 1528; x_wconf 78' lang='grc' dir='ltr'><strong><em>μείζονας</em></strong></span> <span class='ocrx_word' id='word_1_78' title='bbox 846 1443 1149 1531; x_wconf 80' lang='grc' dir='ltr'><strong><em>παρασκευασάμενοι</em></strong></span> 
     </span>
     <span class='ocr_line' id='line_1_13' title="bbox 168 1545 1149 1638; baseline -0.003 -21"><span class='ocrx_word' id='word_1_79' title='bbox 168 1549 345 1637; x_wconf 80' lang='grc' dir='ltr'><strong><em>δυνάμεις,</em></strong></span> <span class='ocrx_word' id='word_1_80' title='bbox 373 1553 505 1635; x_wconf 79' lang='grc' dir='ltr'><strong><em>γίνεταί</em></strong></span> <span class='ocrx_word' id='word_1_81' title='bbox 527 1574 563 1616; x_wconf 90' lang='grc' dir='ltr'><strong><em>τε</em></strong></span> <span class='ocrx_word' id='word_1_82' title='bbox 586 1545 699 1617; x_wconf 78' lang='grc' dir='ltr'><strong><em>αὐτῶν</em></strong></span> <span class='ocrx_word' id='word_1_83' title='bbox 728 1550 804 1635; x_wconf 83' lang='grc' dir='ltr'><strong><em>περὶ</em></strong></span> <span class='ocrx_word' id='word_1_84' title='bbox 826 1548 928 1618; x_wconf 89' lang='grc' dir='ltr'><strong><em>πόλιν</em></strong></span> <span class='ocrx_word' id='word_1_85' title='bbox 948 1546 1093 1638; x_wconf 80' lang='grc' dir='ltr'><strong><em>Ἠρητὸν</em></strong></span> <span class='ocrx_word' id='word_1_86' title='bbox 1111 1545 1149 1616; x_wconf 70' lang='grc' dir='ltr'><strong><em>ἀπὸ</em></strong></span> 
     </span>
     <span class='ocr_line' id='line_1_14' title="bbox 167 1644 1154 1744; baseline -0.001 -20"><span class='ocrx_word' id='word_1_87' title='bbox 167 1659 316 1724; x_wconf 90' lang='grc' dir='ltr'><strong><em>σταδίων</em></strong></span> <span class='ocrx_word' id='word_1_88' title='bbox 339 1653 499 1742; x_wconf 83' lang='grc' dir='ltr'><strong><em>ἑξήκοντα</em></strong></span> <span class='ocrx_word' id='word_1_89' title='bbox 517 1655 573 1723; x_wconf 83' lang='grc' dir='ltr'><strong><em>καὶ</em></strong></span> <span class='ocrx_word' id='word_1_90' title='bbox 596 1652 714 1724; x_wconf 85' lang='grc' dir='ltr'><strong><em>ἑκατὸν</em></strong></span> <span class='ocrx_word' id='word_1_91' title='bbox 735 1658 795 1741; x_wconf 80' lang='grc' dir='ltr'><strong><em>τῆς</em></strong></span> <span class='ocrx_word' id='word_1_92' title='bbox 812 1652 941 1742; x_wconf 73' lang='grc' dir='ltr'><strong><em>Ῥώμης</em></strong></span> <span class='ocrx_word' id='word_1_93' title='bbox 963 1654 1074 1744; x_wconf 78' lang='grc' dir='ltr'><strong><em>ἀγόν,</em></strong></span> <span class='ocrx_word' id='word_1_94' title='bbox 1096 1644 1154 1744; x_wconf 77' lang='grc' dir='ltr'><strong><em>ε’νῷ</em></strong></span> 
     </span>
     <span class='ocr_line' id='line_1_15' title="bbox 166 1760 1158 1850; baseline -0.004 -20"><span class='ocrx_word' id='word_1_95' title='bbox 166 1762 312 1842; x_wconf 82' lang='grc' dir='ltr'><strong><em>πολλοὺς</em></strong></span> <span class='ocrx_word' id='word_1_96' title='bbox 342 1761 404 1850; x_wconf 79' lang='grc' dir='ltr'><strong><em>μέν</em></strong></span> <span class='ocrx_word' id='word_1_97' title='bbox 433 1760 635 1849; x_wconf 82' lang='grc' dir='ltr'><strong><em>ἀμφοτέρων</em></strong></span> <span class='ocrx_word' id='word_1_98' title='bbox 669 1765 796 1850; x_wconf 79' lang='grc' dir='ltr'><strong><em>συνέβη</em></strong></span> <span class='ocrx_word' id='word_1_99' title='bbox 831 1777 959 1831; x_wconf 82' lang='grc' dir='ltr'><strong><em>πεσεῖν·</em></strong></span> <span class='ocrx_word' id='word_1_100' title='bbox 998 1762 1158 1850; x_wconf 82' lang='grc' dir='ltr'><strong><em>ἰσορρόπου</em></strong></span> 
     </span>
     <span class='ocr_line' id='line_1_16' title="bbox 127 1866 1159 1958; baseline 0.002 -24"><span class='ocrx_word' id='word_1_101' title='bbox 127 1895 153 1935; x_wconf 81' lang='lat'><strong><em>15</em></strong></span> <span class='ocrx_word' id='word_1_102' title='bbox 168 1870 206 1939; x_wconf 81' lang='grc' dir='ltr'><strong><em>δέ</em></strong></span> <span class='ocrx_word' id='word_1_103' title='bbox 227 1867 384 1956; x_wconf 88' lang='grc' dir='ltr'><strong><em>κάκείνης</em></strong></span> <span class='ocrx_word' id='word_1_104' title='bbox 405 1872 465 1957; x_wconf 83' lang='grc' dir='ltr'><strong><em>τῆς</em></strong></span> <span class='ocrx_word' id='word_1_105' title='bbox 482 1867 588 1956; x_wconf 84' lang='grc' dir='ltr'><strong><em>μάχης</em></strong></span> <span class='ocrx_word' id='word_1_106' title='bbox 611 1869 664 1936; x_wconf 81' lang='grc' dir='ltr'><strong><em>ἐπὶ</em></strong></span> <span class='ocrx_word' id='word_1_107' title='bbox 682 1866 791 1936; x_wconf 81' lang='grc' dir='ltr'><strong><em>πολύν</em></strong></span> <span class='ocrx_word' id='word_1_108' title='bbox 812 1869 939 1957; x_wconf 82' lang='grc' dir='ltr'><strong><em>χρόνον</em></strong></span> <span class='ocrx_word' id='word_1_109' title='bbox 959 1868 1159 1958; x_wconf 83' lang='grc' dir='ltr'><strong><em>διαμενούσης</em></strong></span> 
     </span>
     <span class='ocr_line' id='line_1_17' title="bbox 167 1973 1185 2068; baseline -0.003 -24"><span class='ocrx_word' id='word_1_110' title='bbox 167 1975 345 2056; x_wconf 87' lang='grc' dir='ltr'><strong><em>ἀνατείνας</em></strong></span> <span class='ocrx_word' id='word_1_111' title='bbox 363 1981 411 2056; x_wconf 85' lang='grc' dir='ltr'><strong><em>εἰς</em></strong></span> <span class='ocrx_word' id='word_1_112' title='bbox 428 1974 489 2045; x_wconf 91' lang='grc' dir='ltr'><strong><em>τὸν</em></strong></span> <span class='ocrx_word' id='word_1_113' title='bbox 509 1973 658 2059; x_wconf 83' lang='grc' dir='ltr'><strong><em>οὐρανὸν</em></strong></span> <span class='ocrx_word' id='word_1_114' title='bbox 676 1973 736 2063; x_wconf 79' lang='grc' dir='ltr'><strong><em>τάς</em></strong></span> <span class='ocrx_word' id='word_1_115' title='bbox 749 1989 862 2065; x_wconf 80' lang='grc' dir='ltr'><strong><em>χεῖρας</em></strong></span> <span class='ocrx_word' id='word_1_116' title='bbox 881 1973 899 2045; x_wconf 87' lang='grc' dir='ltr'><strong>ὁ</strong></span> <span class='ocrx_word' id='word_1_117' title='bbox 918 1975 1048 2057; x_wconf 82' lang='grc' dir='ltr'><strong><em>Τύλλος</em></strong></span> <span class='ocrx_word' id='word_1_118' title='bbox 1064 1975 1159 2058; x_wconf 78' lang='grc' dir='ltr'><strong><em>εὔξατο</em></strong></span> <span class='ocrx_word' id='word_1_119' title='bbox 1184 2063 1185 2068; x_wconf 11' lang='lat'>¹</span> 
     </span>
     <span class='ocr_line' id='line_1_18' title="bbox 166 2069 1185 2254; baseline -0.002 -102"><span class='ocrx_word' id='word_1_120' title='bbox 166 2097 238 2164; x_wconf 85' lang='grc' dir='ltr'><strong><em>τοῖς</em></strong></span> <span class='ocrx_word' id='word_1_121' title='bbox 268 2093 378 2167; x_wconf 85' lang='grc' dir='ltr'><strong><em>θεοῖς,</em></strong></span> <span class='ocrx_word' id='word_1_122' title='bbox 415 2079 476 2150; x_wconf 82' lang='grc' dir='ltr'><strong><em>ἐὰν</em></strong></span> <span class='ocrx_word' id='word_1_123' title='bbox 512 2081 633 2170; x_wconf 83' lang='grc' dir='ltr'><strong><em>νικήση</em></strong></span> <span class='ocrx_word' id='word_1_124' title='bbox 669 2086 710 2171; x_wconf 82' lang='grc' dir='ltr'><strong><em>τή</em></strong></span> <span class='ocrx_word' id='word_1_125' title='bbox 746 2081 823 2152; x_wconf 89' lang='grc' dir='ltr'><strong><em>τόθ’</em></strong></span> <span class='ocrx_word' id='word_1_126' title='bbox 858 2081 965 2174; x_wconf 78' lang='grc' dir='ltr'><strong><em>ἡμέρη</em></strong></span> <span class='ocrx_word' id='word_1_127' title='bbox 997 2069 1185 2254; x_wconf 70' lang='grc' dir='ltr'><strong><em>Σαβίνουςῄ</em></strong></span> 
     </span>
     <span class='ocr_line' id='line_1_19' title="bbox 168 2185 1170 2278; baseline -0.002 -20"><span class='ocrx_word' id='word_1_128' title='bbox 168 2189 309 2277; x_wconf 90' lang='grc' dir='ltr'><strong><em>Κρόνου</em></strong></span> <span class='ocrx_word' id='word_1_129' title='bbox 335 2215 371 2259; x_wconf 86' lang='grc' dir='ltr'><strong><em>τε</em></strong></span> <span class='ocrx_word' id='word_1_130' title='bbox 399 2189 456 2257; x_wconf 78' lang='grc' dir='ltr'><strong><em>καὶ</em></strong></span> <span class='ocrx_word' id='word_1_131' title='bbox 473 2185 565 2268; x_wconf 84' lang='grc' dir='ltr'><strong><em>Ῥέας</em></strong></span> <span class='ocrx_word' id='word_1_132' title='bbox 587 2189 857 2276; x_wconf 84' lang='grc' dir='ltr'><strong><em>καταστήσεσθαι</em></strong></span> <span class='ocrx_word' id='word_1_133' title='bbox 885 2194 1076 2278; x_wconf 84' lang='grc' dir='ltr'><strong><em>δημοτελεῖς</em></strong></span> <span class='ocrx_word' id='word_1_134' title='bbox 1101 2192 1170 2274; x_wconf 76' lang='grc' dir='ltr'><strong><em>ἑορι</em></strong></span> 
     </span>
     <span class='ocr_line' id='line_1_20' title="bbox 165 2292 1184 2382; baseline -0.002 -18"><span class='ocrx_word' id='word_1_135' title='bbox 165 2295 240 2382; x_wconf 84' lang='grc' dir='ltr'><strong><em>τός,</em></strong></span> <span class='ocrx_word' id='word_1_136' title='bbox 264 2292 305 2375; x_wconf 80' lang='grc' dir='ltr'><strong><em>ἀς</em></strong></span> <span class='ocrx_word' id='word_1_137' title='bbox 327 2295 450 2382; x_wconf 77' lang='grc' dir='ltr'><strong><em>ἄγουσι</em></strong></span> <span class='ocrx_word' id='word_1_138' title='bbox 467 2292 625 2382; x_wconf 86' lang='grc' dir='ltr'><strong><em>Ῥωμαῖοι</em></strong></span> <span class='ocrx_word' id='word_1_139' title='bbox 647 2295 728 2364; x_wconf 87' lang='grc' dir='ltr'><strong><em>καθ’</em></strong></span> <span class='ocrx_word' id='word_1_140' title='bbox 755 2299 896 2366; x_wconf 82' lang='grc' dir='ltr'><strong><em>ἕκαστον</em></strong></span> <span class='ocrx_word' id='word_1_141' title='bbox 918 2297 1074 2367; x_wconf 86' lang='grc' dir='ltr'><strong><em>ἐνιαυτὸν</em></strong></span> <span class='ocrx_word' id='word_1_142' title='bbox 1096 2296 1158 2366; x_wconf 77' lang='grc' dir='ltr'><strong><em>’όταν</em></strong></span> <span class='ocrx_word' id='word_1_143' title='bbox 1183 2329 1184 2336; x_wconf 46' lang='lat'>¹</span> 
     </span>
     <span class='ocr_line' id='line_1_21' title="bbox 127 2399 1159 2493; baseline 0.002 -25"><span class='ocrx_word' id='word_1_144' title='bbox 127 2427 155 2468; x_wconf 75' lang='grc' dir='ltr'><strong><em>το</em></strong></span> <span class='ocrx_word' id='word_1_145' title='bbox 168 2399 317 2481; x_wconf 82' lang='grc' dir='ltr'><strong><em>ἅπαντας</em></strong></span> <span class='ocrx_word' id='word_1_146' title='bbox 343 2401 423 2483; x_wconf 81' lang='grc' dir='ltr'><strong><em>τοὺς</em></strong></span> <span class='ocrx_word' id='word_1_147' title='bbox 450 2404 486 2471; x_wconf 90' lang='grc' dir='ltr'><strong><em>ἐκ</em></strong></span> <span class='ocrx_word' id='word_1_148' title='bbox 513 2406 575 2491; x_wconf 79' lang='grc' dir='ltr'><strong><em>γῆς</em></strong></span> <span class='ocrx_word' id='word_1_149' title='bbox 601 2409 831 2491; x_wconf 77' lang='grc' dir='ltr'><strong><em>συγκομίσωσι</em></strong></span> <span class='ocrx_word' id='word_1_150' title='bbox 857 2404 1021 2493; x_wconf 89' lang='grc' dir='ltr'><strong><em>καρπούς,</em></strong></span> <span class='ocrx_word' id='word_1_151' title='bbox 1043 2402 1159 2474; x_wconf 78' lang='grc' dir='ltr'><strong><em>καὶτὸν</em></strong></span> 
     </span>
     <span class='ocr_line' id='line_1_22' title="bbox 166 2501 1159 2600; baseline -0.002 -21"><span class='ocrx_word' id='word_1_152' title='bbox 166 2514 235 2579; x_wconf 78' lang='grc' dir='ltr'><strong><em>τῶν</em></strong></span> <span class='ocrx_word' id='word_1_153' title='bbox 259 2515 399 2580; x_wconf 84' lang='grc' dir='ltr'><strong><em>Σαλίων</em></strong></span> <span class='ocrx_word' id='word_1_154' title='bbox 422 2511 642 2597; x_wconf 88' lang='grc' dir='ltr'><strong><em>καλουμένων</em></strong></span> <span class='ocrx_word' id='word_1_155' title='bbox 666 2509 901 2580; x_wconf 76' lang='grc' dir='ltr'><strong><em>διπλασιάσειν</em></strong></span> <span class='ocrx_word' id='word_1_156' title='bbox 923 2509 1080 2600; x_wconf 82' lang='grc' dir='ltr'><strong><em>ἀριθμόν.</em></strong></span> <span class='ocrx_word' id='word_1_157' title='bbox 1117 2501 1159 2578; x_wconf 87' lang='grc' dir='ltr'><strong><em>ού-</em></strong></span> 
     </span>
     <span class='ocr_line' id='line_1_23' title="bbox 166 2613 1159 2706; baseline -0.002 -20"><span class='ocrx_word' id='word_1_158' title='bbox 166 2643 219 2686; x_wconf 88' lang='grc' dir='ltr'><strong><em>τοι</em></strong></span> <span class='ocrx_word' id='word_1_159' title='bbox 257 2615 288 2683; x_wconf 87' lang='grc' dir='ltr'><strong><em>δ’</em></strong></span> <span class='ocrx_word' id='word_1_160' title='bbox 321 2617 388 2686; x_wconf 78' lang='grc' dir='ltr'><strong><em>εἰσὶ</em></strong></span> <span class='ocrx_word' id='word_1_161' title='bbox 427 2617 581 2702; x_wconf 87' lang='grc' dir='ltr'><strong><em>πατέρων</em></strong></span> <span class='ocrx_word' id='word_1_162' title='bbox 623 2613 773 2702; x_wconf 79' lang='grc' dir='ltr'><strong><em>εύγενῶν</em></strong></span> <span class='ocrx_word' id='word_1_163' title='bbox 814 2620 992 2698; x_wconf 87' lang='grc' dir='ltr'><strong><em>ἐνοπλίους</em></strong></span> <span class='ocrx_word' id='word_1_164' title='bbox 1029 2617 1159 2706; x_wconf 84' lang='grc' dir='ltr'><strong><em>ὀρχήσεις</em></strong></span> 
     </span>
     <span class='ocr_line' id='line_1_24' title="bbox 166 2720 1158 2814; baseline -0.004 -22"><span class='ocrx_word' id='word_1_165' title='bbox 166 2722 364 2812; x_wconf 87' lang='grc' dir='ltr'><strong><em>κινούμενοι</em></strong></span> <span class='ocrx_word' id='word_1_166' title='bbox 382 2721 467 2812; x_wconf 86' lang='grc' dir='ltr'><strong><em>πρὸς</em></strong></span> <span class='ocrx_word' id='word_1_167' title='bbox 485 2720 590 2791; x_wconf 89' lang='grc' dir='ltr'><strong><em>αύλὸν</em></strong></span> <span class='ocrx_word' id='word_1_168' title='bbox 613 2725 652 2792; x_wconf 84' lang='grc' dir='ltr'><strong><em>ἐν</em></strong></span> <span class='ocrx_word' id='word_1_169' title='bbox 674 2737 745 2804; x_wconf 86' lang='grc' dir='ltr'><strong><em>τοῖς</em></strong></span> <span class='ocrx_word' id='word_1_170' title='bbox 764 2724 956 2812; x_wconf 80' lang='grc' dir='ltr'><strong><em>καθήκουσι</em></strong></span> <span class='ocrx_word' id='word_1_171' title='bbox 972 2724 1102 2814; x_wconf 81' lang='grc' dir='ltr'><strong><em>χρόνοις</em></strong></span> <span class='ocrx_word' id='word_1_172' title='bbox 1115 2723 1158 2791; x_wconf 77' lang='grc' dir='ltr'><strong><em>καί</em></strong></span> 
     </span>
     <span class='ocr_line' id='line_1_25' title="bbox 167 2827 1157 2924; baseline 0.002 -26"><span class='ocrx_word' id='word_1_173' title='bbox 167 2827 299 2918; x_wconf 78' lang='grc' dir='ltr'><strong><em>ὕμνους</em></strong></span> <span class='ocrx_word' id='word_1_174' title='bbox 324 2830 421 2910; x_wconf 84' lang='grc' dir='ltr'><strong><em>τινὰς</em></strong></span> <span class='ocrx_word' id='word_1_175' title='bbox 448 2827 588 2921; x_wconf 77' lang='grc' dir='ltr'><strong><em>ᾅδοντες</em></strong></span> <span class='ocrx_word' id='word_1_176' title='bbox 614 2836 791 2918; x_wconf 83' lang='grc' dir='ltr'><strong><em>πατρίους,</em></strong></span> <span class='ocrx_word' id='word_1_177' title='bbox 822 2829 867 2912; x_wconf 82' lang='grc' dir='ltr'><strong><em>ὡς</em></strong></span> <span class='ocrx_word' id='word_1_178' title='bbox 893 2833 931 2900; x_wconf 91' lang='grc' dir='ltr'><strong><em>ἐν</em></strong></span> <span class='ocrx_word' id='word_1_179' title='bbox 958 2836 1004 2924; x_wconf 73' lang='grc' dir='ltr'><strong><em>τῷ</em></strong></span> <span class='ocrx_word' id='word_1_180' title='bbox 1030 2833 1157 2921; x_wconf 76' lang='grc' dir='ltr'><strong><em>προτέρῳ</em></strong></span> 
     </span>
     <span class='ocr_line' id='line_1_26' title="bbox 126 2907 1157 3081; baseline 0.002 -77"><span class='ocrx_word' id='word_1_181' title='bbox 126 2907 343 3038; x_wconf 57' lang='grc' dir='ltr'><strong><em>Ξδεδήλωκο</em></strong></span> <span class='ocrx_word' id='word_1_182' title='bbox 366 2936 466 3026; x_wconf 81' lang='grc' dir='ltr'><strong><em>λόγω.</em></strong></span> <span class='ocrx_word' id='word_1_183' title='bbox 511 2933 591 3022; x_wconf 81' lang='grc' dir='ltr'><strong><em>μετὰ</em></strong></span> <span class='ocrx_word' id='word_1_184' title='bbox 620 2935 658 3004; x_wconf 71' lang='grc' dir='ltr'><strong><em>δὲ</em></strong></span> <span class='ocrx_word' id='word_1_185' title='bbox 684 2934 748 3024; x_wconf 86' lang='grc' dir='ltr'><strong><em>τήν</em></strong></span> <span class='ocrx_word' id='word_1_186' title='bbox 774 2934 877 3025; x_wconf 83' lang='grc' dir='ltr'><strong><em>εὐχήν</em></strong></span> <span class='ocrx_word' id='word_1_187' title='bbox 904 2936 1028 3024; x_wconf 87' lang='grc' dir='ltr'><strong><em>ταύτην</em></strong></span> <span class='ocrx_word' id='word_1_188' title='bbox 1049 2937 1157 3081; x_wconf 76' lang='grc' dir='ltr'><strong><em>θάρηος</em></strong></span> 
     </span>
    </p>
   </div>
   <div class='ocr_carea' id='block_1_3' title="bbox 126 1311 149 1374">
    <p class='ocr_par' dir='ltr' id='par_1_3' title="bbox 126 1311 149 1374">
     <span class='ocr_line' id='line_1_27' title="bbox 126 1311 149 1374; baseline 0 0"><span class='ocrx_word' id='word_1_189' title='bbox 126 1311 149 1374; x_wconf 87' lang='grc'>4</span> 
     </span>
    </p>
   </div>
   <div class='ocr_carea' id='block_1_4' title="bbox 127 1398 153 1438">
    <p class='ocr_par' dir='ltr' id='par_1_4' title="bbox 127 1398 153 1438">
     <span class='ocr_line' id='line_1_28' title="bbox 127 1398 153 1438; baseline 0.038 -1"><span class='ocrx_word' id='word_1_190' title='bbox 127 1398 153 1438; x_wconf 87' lang='grc'><strong><em>10</em></strong></span> 
     </span>
    </p>
   </div>
   <div class='ocr_carea' id='block_1_5' title="bbox 167 3127 1154 3554">
    <p class='ocr_par' dir='ltr' id='par_1_5' title="bbox 167 3127 1154 3554">
     <span class='ocr_line' id='line_1_29' title="bbox 239 3127 1154 3204; baseline -0.002 -16"><span class='ocrx_word' id='word_1_191' title='bbox 239 3139 255 3188; x_wconf 87' lang='grc'>3</span> <span class='ocrx_word' id='word_1_192' title='bbox 275 3127 434 3204; x_wconf 86' lang='grc' dir='ltr'><strong><em>ἀμφότεροι</em></strong></span> <span class='ocrx_word' id='word_1_193' title='bbox 453 3133 544 3186; x_wconf 90' lang='lat' dir='ltr'><strong>Bom.</strong></span> <span class='ocrx_word' id='word_1_194' title='bbox 559 3132 585 3186; x_wconf 85' lang='lat' dir='ltr'>R</span> <span class='ocrx_word' id='word_1_195' title='bbox 643 3138 660 3186; x_wconf 84' lang='lat'>4</span> <span class='ocrx_word' id='word_1_196' title='bbox 678 3127 757 3201; x_wconf 77' lang='grc' dir='ltr'><strong><em>ἀγόν</em></strong></span> <span class='ocrx_word' id='word_1_197' title='bbox 776 3127 852 3202; x_wconf 81' lang='grc' dir='ltr'><strong><em>μάλα</em></strong></span> <span class='ocrx_word' id='word_1_198' title='bbox 865 3128 1001 3204; x_wconf 86' lang='grc' dir='ltr'><strong><em>καρτερὸς</em></strong></span> <span class='ocrx_word' id='word_1_199' title='bbox 1019 3151 1040 3202; x_wconf 65' lang='grc' dir='ltr'><strong><em>α,</em></strong></span> <span class='ocrx_word' id='word_1_200' title='bbox 1053 3133 1154 3200; x_wconf 63' lang='lat' dir='ltr'><strong>Reiskeff</strong></span> 
     </span>
     <span class='ocr_line' id='line_1_30' title="bbox 168 3201 1154 3276; baseline -0.003 -15"><span class='ocrx_word' id='word_1_201' title='bbox 168 3203 302 3276; x_wconf 85' lang='grc' dir='ltr'><strong><em>διέμενον</em></strong></span> <span class='ocrx_word' id='word_1_202' title='bbox 321 3203 353 3259; x_wconf 71' lang='grc' dir='ltr'><strong><em>δὲ</em></strong></span> <span class='ocrx_word' id='word_1_203' title='bbox 373 3221 397 3259; x_wconf 86' lang='grc' dir='ltr'><strong><em>ο.</em></strong></span> <span class='ocrx_word' id='word_1_204' title='bbox 411 3204 513 3259; x_wconf 73' lang='lat' dir='ltr'>Portus</span> <span class='ocrx_word' id='word_1_205' title='bbox 529 3206 534 3270; x_wconf 85' lang='grc' dir='ltr'>Ι</span> <span class='ocrx_word' id='word_1_206' title='bbox 550 3203 600 3257; x_wconf 79' lang='grc' dir='ltr'><strong><em>καί</em></strong></span> <span class='ocrx_word' id='word_1_207' title='bbox 617 3205 684 3259; x_wconf 76' lang='lat' dir='ltr'><strong><em>ante</em></strong></span> <span class='ocrx_word' id='word_1_208' title='bbox 699 3201 832 3275; x_wconf 82' lang='grc' dir='ltr'><strong><em>διέμενον</em></strong></span> <span class='ocrx_word' id='word_1_209' title='bbox 851 3205 1001 3260; x_wconf 74' lang='lat' dir='ltr'><strong>collocavit</strong></span> <span class='ocrx_word' id='word_1_210' title='bbox 1019 3204 1083 3260; x_wconf 77' lang='lat' dir='ltr'><strong>Smit</strong></span> <span class='ocrx_word' id='word_1_211' title='bbox 1103 3204 1154 3259; x_wconf 78' lang='lat' dir='ltr'>Obs.</span> 
     </span>
     <span class='ocr_line' id='line_1_31' title="bbox 167 3270 1154 3349; baseline -0.002 -19"><span class='ocrx_word' id='word_1_212' title='bbox 167 3295 195 3346; x_wconf 84' lang='lat' dir='ltr'><strong><em>p.</em></strong></span> <span class='ocrx_word' id='word_1_213' title='bbox 216 3282 250 3331; x_wconf 90' lang='lat'><strong><em>10</em></strong></span> <span class='ocrx_word' id='word_1_214' title='bbox 306 3281 339 3330; x_wconf 92' lang='grc'><strong><em>12</em></strong></span> <span class='ocrx_word' id='word_1_215' title='bbox 358 3270 556 3349; x_wconf 88' lang='grc' dir='ltr'><strong><em>&lt;νή&gt;ριτονΒ</em></strong></span> <span class='ocrx_word' id='word_1_216' title='bbox 619 3280 652 3328; x_wconf 83' lang='grc'><strong><em>13</em></strong></span> <span class='ocrx_word' id='word_1_217' title='bbox 672 3270 811 3344; x_wconf 78' lang='grc' dir='ltr'><strong><em>ἐξήκοντα</em></strong></span> <span class='ocrx_word' id='word_1_218' title='bbox 829 3273 852 3327; x_wconf 93' lang='grc' dir='ltr'>Β</span> <span class='ocrx_word' id='word_1_219' title='bbox 872 3271 944 3331; x_wconf 80' lang='grc' dir='ltr'><strong><em>ἑπτὰ</em></strong></span> <span class='ocrx_word' id='word_1_220' title='bbox 962 3277 988 3330; x_wconf 88' lang='lat' dir='ltr'><strong>R</strong></span> <span class='ocrx_word' id='word_1_221' title='bbox 1039 3283 1068 3332; x_wconf 80' lang='lat'><strong><em>1⁸</em></strong></span> <span class='ocrx_word' id='word_1_222' title='bbox 1084 3296 1154 3331; x_wconf 84' lang='grc' dir='ltr'><strong><em>κατα·</em></strong></span> 
     </span>
     <span class='ocr_line' id='line_1_32' title="bbox 169 3339 1154 3415; baseline 0 -15"><span class='ocrx_word' id='word_1_223' title='bbox 169 3343 371 3415; x_wconf 84' lang='grc' dir='ltr'><strong><em>στήσασθαιΟ</em></strong></span> <span class='ocrx_word' id='word_1_224' title='bbox 449 3349 484 3400; x_wconf 89' lang='grc'><strong><em>20</em></strong></span> <span class='ocrx_word' id='word_1_225' title='bbox 507 3339 573 3406; x_wconf 80' lang='grc' dir='ltr'><strong><em>τούς</em></strong></span> <span class='ocrx_word' id='word_1_226' title='bbox 596 3340 628 3399; x_wconf 87' lang='grc' dir='ltr'><strong><em>ἐκ</em></strong></span> <span class='ocrx_word' id='word_1_227' title='bbox 651 3346 748 3414; x_wconf 71' lang='grc' dir='ltr'><strong><em>ηίςΒ</em></strong></span> <span class='ocrx_word' id='word_1_228' title='bbox 777 3342 810 3401; x_wconf 86' lang='grc' dir='ltr'><strong><em>ἐκ</em></strong></span> <span class='ocrx_word' id='word_1_229' title='bbox 852 3346 885 3415; x_wconf 84' lang='grc' dir='ltr'><strong><em>ῆς</em></strong></span> <span class='ocrx_word' id='word_1_230' title='bbox 906 3341 1016 3410; x_wconf 74' lang='grc' dir='ltr'><strong><em>ταύςΙῖ</em></strong></span> <span class='ocrx_word' id='word_1_231' title='bbox 1078 3354 1106 3402; x_wconf 85' lang='grc'><strong><em>21</em></strong></span> <span class='ocrx_word' id='word_1_232' title='bbox 1122 3348 1154 3400; x_wconf 84' lang='grc' dir='ltr'><strong><em>δι·</em></strong></span> 
     </span>
     <span class='ocr_line' id='line_1_33' title="bbox 167 3365 1152 3489; baseline 0.003 -19"><span class='ocrx_word' id='word_1_233' title='bbox 167 3411 319 3470; x_wconf 87' lang='grc' dir='ltr'><strong><em>πλασιάσιν</em></strong></span> <span class='ocrx_word' id='word_1_234' title='bbox 337 3416 360 3469; x_wconf 92' lang='grc' dir='ltr'>Β</span> <span class='ocrx_word' id='word_1_235' title='bbox 437 3421 471 3470; x_wconf 87' lang='grc'><strong><em>22</em></strong></span> <span class='ocrx_word' id='word_1_236' title='bbox 490 3413 523 3470; x_wconf 69' lang='grc' dir='ltr'><strong><em>δὲ</em></strong></span> <span class='ocrx_word' id='word_1_237' title='bbox 542 3415 565 3468; x_wconf 93' lang='grc' dir='ltr'><strong>Β</strong></span> <span class='ocrx_word' id='word_1_238' title='bbox 582 3417 586 3482; x_wconf 73' lang='grc' dir='ltr'>Ι</span> <span class='ocrx_word' id='word_1_239' title='bbox 602 3414 656 3470; x_wconf 78' lang='grc' dir='ltr'><strong><em>εἰσί</em></strong></span> <span class='ocrx_word' id='word_1_240' title='bbox 675 3433 730 3472; x_wconf 89' lang='lat' dir='ltr'><strong><em>om.</em></strong></span> <span class='ocrx_word' id='word_1_241' title='bbox 747 3418 793 3473; x_wconf 73' lang='lat' dir='ltr'><strong><em>Ba</em></strong></span> <span class='ocrx_word' id='word_1_242' title='bbox 808 3421 812 3487; x_wconf 91' lang='grc' dir='ltr'>Ι</span> <span class='ocrx_word' id='word_1_243' title='bbox 830 3365 957 3474; x_wconf 69' lang='grc' dir='ltr'><strong><em>ἀνόπλων</em></strong></span> <span class='ocrx_word' id='word_1_244' title='bbox 975 3419 1001 3474; x_wconf 85' lang='grc' dir='ltr'><strong>Α</strong></span> <span class='ocrx_word' id='word_1_245' title='bbox 1069 3424 1100 3474; x_wconf 79' lang='grc'><strong><em>24</em></strong></span> <span class='ocrx_word' id='word_1_246' title='bbox 1115 3414 1152 3489; x_wconf 64' lang='grc' dir='ltr'><strong><em>ὡς]</em></strong></span> 
     </span>
     <span class='ocr_line' id='line_1_34' title="bbox 170 3481 606 3554; baseline -0.002 -15"><span class='ocrx_word' id='word_1_247' title='bbox 170 3481 220 3547; x_wconf 76' lang='grc' dir='ltr'><strong><em>οὓς</em></strong></span> <span class='ocrx_word' id='word_1_248' title='bbox 239 3485 291 3538; x_wconf 82' lang='lat' dir='ltr'><strong><em>AB</em></strong></span> <span class='ocrx_word' id='word_1_249' title='bbox 365 3491 399 3540; x_wconf 78' lang='lat'><strong><em>25</em></strong></span> <span class='ocrx_word' id='word_1_250' title='bbox 418 3485 561 3554; x_wconf 87' lang='grc' dir='ltr'><strong><em>δεδήλωκε</em></strong></span> <span class='ocrx_word' id='word_1_251' title='bbox 580 3485 606 3538; x_wconf 87' lang='grc' dir='ltr'><strong>Α</strong></span> 
     </span>
    </p>
   </div>
   <div class='ocr_carea' id='block_1_6' title="bbox 0 0 1208 3918">
    <p class='ocr_par' dir='ltr' id='par_1_6' title="bbox 0 0 1208 3918">
     <span class='ocr_line' id='line_1_35' title="bbox 0 0 1208 3918; baseline 0 0"><span class='ocrx_word' id='word_1_252' title='bbox 0 0 1208 3918; x_wconf 95' lang='lat' dir='ltr'><strong><em> </em></strong></span> 
     </span>
    </p>
   </div>
  </div>
 </body>
</html>
