2412 3912
450 248 618 302 -A-
1000 247 1044 314 53

48 404 150 474 κοινὸν
174 415 387 494 καταθεῖναι,
413 407 469 476 καὶ
493 404 550 475 διὰ
576 411 681 477 ταῦτα
707 411 834 495 πολλῆς
860 410 1046 498 ἐπιμελείας

47 512 207 598 τυγχάνειν
233 512 317 602 πρὸς
343 518 412 583 τῶν
441 510 709 601 ὑποδεξαμένων.
753 518 853 584 τοῦτο
884 513 1084 604 δεότερονὸ

48 622 135 699 ἔθνος
162 617 360 708 Ἑλληνικὸν
396 617 476 707 μετὰ
513 617 711 707 Πελασγοὺς
747 617 956 708 ἀφικόμενον
997 626 1045 703 είς

45 721 168 794 Ἰταλίαν
186 724 308 814 κοινὴν
322 731 396 813 ἔσχε
414 723 495 813 μετά
511 725 573 813 τὴν
590 729 701 816 <τάν>
713 723 934 814 Ἀβοριγίνων
955 734 1044 814 οίκη-

47 848 91 918 σιν
107 831 140 899 ἐν
162 838 208 924 τῷ
231 839 396 921 κρατίστῳ
419 835 478 919 τῆς
496 829 625 920 Ῥώμης
648 831 877 923 ἱδρυσάμενον
901 838 1022 925 χωρίῳ.
1059 853 1071 896 ⁵

118 939 284 1008 XXXIHL
317 937 458 1024 Ὀλίγαις
490 936 524 1005 δ’
561 936 704 1026 ὕστερον
736 943 822 1007 ἔτεσι
859 936 938 1024 μετὰ
967 937 1046 1020 τοὺς

46 1038 181 1130 Ἀρκάδας
212 1044 314 1125 ἄλλος
337 1049 384 1125 είς
404 1043 547 1114 Ἰταλίαν
570 1043 761 1131 ἀφικνεῖται
789 1045 909 1125 στόλος
930 1042 1045 1132 Ἕλλη·

50 1147 122 1229 ναὸς
145 1149 292 1237 ἄγοντος
316 1148 537 1239 Ἡρακλέους,
568 1147 605 1231 δς
625 1150 774 1239 Ἰβηρίαν
803 1151 859 1220 καὶ
885 1148 926 1220 τὰ
949 1153 1044 1241 μέχρι

46 1257 162 1342 δυσμῶν
187 1255 290 1345 ἡλίου
312 1259 422 1326 πάντα
436 1257 683 1348 χειρωσάμενος
706 1249 796 1346 ἧκεν.
827 1259 861 1340 ἐξ
885 1248 934 1326 τόν
956 1284 1045 1339 τινες
1101 1323 1104 1330 ,

39 1355 181 1448 Ἡρακλέα
212 1363 500 1452 παραιτησάμενοι
526 1369 586 1451 τῆς
612 1368 838 1453 πραγματείας
860 1361 1045 1451 άφεθῆναι,
1059 1385 1086 1426 10

40 1470 101 1554 περὶ
121 1473 228 1539 ταῦτα
252 1468 292 1538 τὰ
315 1475 421 1558 χωρία
443 1467 628 1558 ὑπέμειναν
650 1471 706 1540 καί
720 1475 912 1552 πολίζονται
934 1471 1047 1558 λόφον

38 1574 214 1662 ἐπιτήδειον
238 1574 408 1666 εὑρόντες,
431 1581 611 1668 τρισταδίῳ
637 1575 675 1644 δὲ
698 1575 840 1664 μάλιστα
864 1575 960 1663 μήκει
983 1580 1044 1646 τοῦ

37 1686 243 1751 Παλλαντίου
270 1681 527 1771 διειργόμενον,
562 1680 600 1764 ὃς
628 1687 696 1752 νῦν
720 1681 782 1771 μὲν
811 1689 1046 1766 Καπιτωλῖνος

36 1783 239 1876 ὀνομάζεται,
266 1785 334 1857 ὑπὸ
367 1787 404 1856 δὲ
426 1793 495 1858 τῶν
528 1789 603 1859 τότε
631 1787 826 1878 ἀνθρώπων
856 1790 1045 1879 Σατόρνιος

36 1895 171 1983 ἐλέγετο,
204 1894 313 1985 ὥσπερ
337 1891 382 1964 ἂν
411 1904 499 1964 είποι
526 1925 576 1976 τις
593 1895 730 1966 Ἑλλάδι
758 1901 856 1985 φωνῇ
885 1895 1042 1986 Κρόνιος.
1058 1917 1084 1958 1⁵

33 2004 89 2068 τάν
121 2003 160 2070 δὲ
194 2000 475 2089 ὑπολειφθέντων
509 2005 544 2070 οί
568 2003 630 2091 μὲν
658 2009 795 2083 πλείους
822 1995 910 2091 ἦσαν
937 2007 1084 2072 Πελο-2

35 2111 215 2196 τοννήσιοι,
242 2112 408 2176 Φενεᾶταί
422 2134 457 2176 τε
475 2109 532 2176 καὶ
552 2107 675 2178 Ἐπειοὶ
692 2113 753 2194 [οἱ]
770 2111 804 2190 ἐξ
817 2108 970 2195 Ἤλιδος,
994 2104 1044 2190 οἷς

34 2211 131 2282 οὐκέτι
159 2214 273 2293 πόθος
300 2206 344 2301 ἦν
372 2217 432 2302 τῆς
460 2218 575 2282 οίκαδε
608 2215 692 2283 ὁδοῦ
726 2216 1044 2306 διαπεπορθημένης

10 2316 141 2400 λδαιύτοῖς
173 2324 236 2406 τῆς
258 2323 420 2409 πατρίδος
446 2321 483 2387 ἐν
515 2323 561 2412 τῷ
593 2320 678 2409 πρὸς
702 2319 866 2410 Ἡρακλέα
897 2322 1042 2412 πολέμῳ,

33 2425 174 2513 ἐμέμικτο
206 2428 247 2494 δέ
269 2453 302 2495 τι
329 2427 385 2494 καί
413 2424 564 2514 Τρωικὸν
591 2426 707 2507 αὐτοῖς
733 2431 801 2496 τῶν
830 2428 884 2496 έπδ
913 2427 1042 2515 Λαομέ·
1056 2449 1083 2490 20

34 2533 140 2614 δοντος
164 2531 387 2620 αίχμαλάτων
417 2534 450 2614 ἐξ
476 2530 579 2601 Ἰλίου
601 2535 795 2622 γενομένων
819 2532 874 2603 ὅτε
896 2537 956 2620 τῆς
982 2533 1041 2601 τιό·

35 2645 104 2720 λεως
121 2638 292 2730 Ἡρακλῆς
315 2639 484 2727 ἐκράτησε.
516 2642 611 2707 δοκεῖ
632 2642 672 2707 δέ
692 2665 749 2727 μοι
773 2641 912 2709 καὶτοῦ
936 2639 1042 2709 άλλου

33 2751 166 2834 στρατοῦ
190 2750 270 2832 πᾶν,
294 2755 328 2816 εί
337 2773 369 2814 τι
387 2743 582 2834 καματηρὸν
605 2741 626 2832 ἢ
650 2751 690 2835 τῇ
713 2746 823 2835 πλάνη
846 2745 1041 2835 ἀχθόμενον

34 2843 81 2936 ἦν,
106 2852 233 2940 άφεσιν
262 2857 321 2940 τῆς
344 2859 516 2950 στρατείας
540 2851 766 2939 αίτησάμενον
794 2855 831 2921 έν
853 2858 899 2946 τῷ
929 2859 1039 2945 χωρίῳ

32 2961 104 3048 τῷδε
137 2957 330 3046 ὑπομεῖναι.
374 2957 412 3028 τὸ
442 2959 480 3026 δὲ
512 2958 621 3046 ὄνομα
653 2963 698 3051 τῷ
726 2958 825 3051 ’λόφῳ
858 2959 946 3040 τινὲς
978 2959 1018 3048 μὲ

1059 2928 1080 2994 3

1019 2987 1080 3058 νει

91 3161 104 3207 1
136 3149 178 3208 δι’
199 3148 274 3209 αάτά
298 3154 351 3209 ΑΒ
424 3161 439 3208 2
465 3149 519 3224 πρὸ
543 3154 600 3208 τῶν
622 3154 668 3210 Ba
744 3151 875 3225 4*μετά
894 3152 947 3224 τὴν
965 3155 1040 3211 ABa

33 3215 131 3290 δάμεν
160 3224 304 3295 Kiessling
332 3217 368 3294 ἦν
398 3224 420 3280 0
453 3221 658 3295 χειρωσάμενος
685 3220 732 3297 ᾔει
759 3243 782 3280 ο.
811 3225 914 3281 Reiske
1006 3233 1038 3281 12

35 3287 196 3369 εόρ<ό>ντες
215 3292 247 3350 έν
266 3316 289 3350 τ.
309 3296 332 3349 Β
348 3298 352 3364 Ι
368 3298 518 3368 τρισταδίῳ
537 3299 587 3350 aut
605 3292 688 3366 μήκει
704 3297 758 3351 del.
772 3297 874 3352 Reiske
937 3302 971 3351 14
989 3315 1038 3351 σα-

32 3361 190 3430 ιοόρνιοςΒ
268 3372 301 3421 17
324 3362 466 3456 φενεάται
485 3367 537 3421 ΔΒ
560 3370 564 3436 Ι
589 3362 673 3436 έπηοί
696 3368 740 3422 Ba
763 3371 767 3434 1
791 3365 821 3422 οί
844 3367 897 3422 del.
916 3367 1039 3422 Reudler

33 3430 107 3490 Ἡτοα.
123 3438 183 3492 orit.
202 3445 262 3509 p.8
289 3441 293 3506 Ι
318 3440 422 3507 ηλυδος
439 3440 486 3493 Ba
558 3445 591 3493 20
615 3438 791 3509 λαομέδοντα
813 3438 836 3491 Β
909 3443 943 3491 23
968 3440 999 3492 εί
1011 3458 1037 3491 τι

34 3500 96 3562 πάνυ
125 3525 150 3563 c.
168 3509 310 3579 Kiessling
382 3515 417 3564 24
440 3501 522 3578 &Ba
538 3511 541 3576 Ι
558 3511 607 3577 τῆς
625 3511 720 3579 τροίας
737 3508 782 3562 Ba
