2404 3918
157 217 223 286 346
428 159 438 182 ι
583 225 750 274 -Γ-

155 390 217 452 λον
241 380 280 451 δὲ
303 379 385 451 ὄντα
402 385 464 451 τοῦ
487 380 619 450 Τύλλου
636 382 693 450 καί
712 382 749 449 ἐν
768 393 838 461 τοῖς
856 379 999 468 μάλιστα
1016 380 1149 450 πιστευό-

156 515 260 576 μενον
294 487 476 576 φυλάττειν
510 485 565 558 ὅτε
595 486 712 577 καιρὸς
745 487 932 577 ἐπιτήδειος
962 494 1076 576 φανείη
1103 493 1150 574 της

116 597 347 675 4ἐπιθέσεως.
392 597 574 682 μέλλοντος
603 594 641 662 δὲ
673 597 735 664 τοῦ
771 592 904 662 Τύλλου
935 600 1060 664 θυσίαν
1088 594 1151 664 τινὰ

155 700 226 772 κατ’
251 700 346 774 οίκον
369 705 548 787 ἐπιτελεῖν,
571 698 615 790 ἣν
639 699 763 782 αὐτοὺς
780 701 890 789 μόνον
914 701 1066 789 ἐβούλετο
1086 701 1151 781 τοὺς

130 807 361 896 εάναηκαίους
398 811 541 896 είθέναι,
573 811 629 878 καί
660 807 744 879 κατὰ
776 813 923 896 δαίμονα
954 813 1014 896 τῆς
1047 806 1152 896 ἡμέρας

156 920 285 1006 ἐκείνης
307 923 477 1007 χειμερίου
501 918 637 1006 σφόδρα
659 918 845 1005 γενομένης
866 916 950 987 κατά
979 942 1015 985 τε
1038 914 1180 1004 ὅμβρονελ

155 1027 211 1095 καὶ
249 1025 352 1114 ζάλην
386 1027 443 1094 καί
480 1026 612 1112 σκότος,
651 1023 729 1095 ὥστ’
760 1030 886 1113 ἔρημον
920 1021 1150 1111 ἀπολειφθῆναι

154 1132 217 1205 τὸν
243 1131 307 1221 πρὸ
336 1137 395 1222 τῆς
423 1138 531 1214 οἰκίας
556 1133 663 1203 τόπον
690 1136 759 1202 τάν
783 1131 1041 1220 φυλαττόντων,
1064 1129 1150 1216 ἐπιτή-

157 1245 251 1311 θειον
278 1238 563 1329 ὑπολαμβάνοντα
588 1238 650 1310 τὸν
677 1238 798 1329 καιρὸν
831 1237 900 1327 άμα
926 1247 999 1319 τοῖς
1031 1239 1150 1325 ἑταίροις

119 1374 145 1415 ιο
158 1352 294 1434 ἔχουσιν
317 1345 382 1416 ὑπὸ
405 1362 479 1429 ταῖς
500 1352 695 1436 περιβολαῖς
717 1345 757 1417 τά
782 1348 861 1434 ξίφη
884 1354 1071 1434 παρελθεῖν
1092 1354 1147 1414 είσα

154 1459 222 1524 τῶν
251 1457 387 1544 θυρῶν,
415 1451 659 1523 ἀποκτείναντα
688 1453 725 1521 66
751 1450 813 1523 τὸν
842 1454 982 1539 βασιλέα
1009 1454 1068 1522 καί
1094 1449 1144 1529 τιίς

154 1565 276 1643 παῖδας
299 1559 405 1631 αὐτοῦ
427 1562 484 1631 καὶ
506 1565 574 1629 τάν
602 1559 716 1628 άλλων
744 1556 838 1640 ὅσοις
866 1561 1023 1647 ἐνέτυχεν
1048 1561 1144 1628 ἐνεῖναι

154 1673 221 1756 πῦρ
250 1673 298 1749 είς
324 1666 386 1755 τὴν
415 1673 526 1758 οίκίαν
555 1664 638 1737 κατὰ
665 1663 812 1746 πολλοὺς
838 1664 978 1752 τόπους,
1007 1670 1107 1736 ταῦτα
1125 1664 1148 1731 66

72 1791 80 1807 ·
154 1773 381 1862 πράξαντα
348 1802 409 1844 τον
436 1771 519 1864 ὑπὲρ
547 1801 606 1862 της
632 1770 873 1862 κεραυνώσεως
902 1776 1093 1861 διασπεῖραι
1112 1770 1151 1839 66-

115 1862 229 2013 55μον
275 1880 401 1969 ἐηωθὲ
423 1909 546 1952 τουτον
570 1878 695 1968 μὲν’
657 1908 698 1950 ου
723 1877 918 1969 δέχομαι
883 1907 945 1949 τον
969 1879 1074 1966 λόγον
1097 1876 1150 1948 οὔτ’

155 1986 267 2078 άληθη
291 1994 438 2076 νομίζων
459 1987 537 2058 οὕτε
553 1987 715 2074 πιθανόν,
738 2015 784 2080 τφ
809 1987 847 2056 δε
869 1989 1022 2116 προτέρω
1044 1991 1153 2074 μάλλον

154 2097 419 2186 προστιθέμενος
441 2093 524 2166 κατά
553 2099 699 2184 δαίμονα
706 2057 850 2226 νάμίζφ
876 2093 938 2164 τὸν
962 2092 1074 2182 άνθρα
1093 2090 1154 2162 τιν’-

153 2232 212 2292 της
238 2232 297 2293 της
324 2207 479 2291 τελευτῆς
506 2217 629 2290 τυχειν.
683 2200 760 2272 οὔτε
791 2200 856 2291 γὰρ
885 2199 1080 2291 ἀπόρρητον
1105 2227 1154 2287 φυ

154 2316 324 2400 λαχθηναι
356 2308 418 2399 τὴν
450 2313 572 2436 πράξιν
608 2307 675 2380 υπὸ
711 2314 847 2379 πολίων
879 2310 1153 2397 συσκευαζομένην

114 2444 141 2484 εο
155 2409 286 2500 είκὸς
265 2447 325 2508 ην,
355 2444 431 2487 οντε
452 2421 499 2511 τῷ
524 2417 728 2505 συστησαντι
759 2443 865 2505 αντην
887 2408 1073 2504 βέβαιον
1052 2444 1094 2504 ην
1116 2412 1154 2482 ὅτι

154 2523 234 2613 μετά
257 2523 319 2614 τὴν
338 2487 505 2594 Ὁστιλίάυ
522 2521 681 2611 τελευτὴν
703 2526 834 2593 ἐκείνου
858 2519 1154 2605 άποθείξουσιῬα

154 2648 247 2720 μαϊοι
274 2633 414 2719 βασιλέα
441 2635 500 2719 τῆς
526 2630 669 2716 πόλεως,
703 2625 775 2698 ουτ’
805 2633 837 2697 εί
862 2625 903 2698 τά
930 2628 1011 2718 παρ’
1037 2625 1153 2714 ἀνθρά-

154 2766 227 2809 πων
252 2736 341 2831 αὐτῷ
365 2735 464 2808 πιστά
486 2739 543 2806 καί
565 2740 685 2824 βέβαια
707 2727 767 2823 ἦν,
789 2735 830 2804 τά
853 2737 894 2822 γέ
913 2762 967 2804 τοι
990 2733 1079 2823 παρὰ
1098 2738 1153 2804 τάν

113 2850 246 2989 6θεῶν
275 2843 376 2933 ὅμοια
409 2850 524 2932 ἔμελλε
550 2857 623 2924 ταῖς
655 2840 890 2930 ἀνθρωπίναις
919 2840 1073 2929 άννοίαις
1099 2847 1153 2909 ἔσε-

112 3011 139 3054 25
239 3005 245 3019 ·

226 3142 588 3216 ΙὸέΒτεΒίέντὸςΑ
660 3143 742 3216 Βθε]
762 3139 858 3230 ηάρο.
878 3143 982 3200 Reiske
1056 3137 1151 3230 4ἣνΒ

153 3239 208 3278 om
227 3222 253 3275 R
316 3217 400 3274 5καλ
418 3220 440 3273 Β
455 3236 509 3274 om.
523 3219 549 3272 R
565 3217 568 3289 ί
585 3219 709 3342 δαίμονα
727 3217 750 3271 Β
768 3212 856 3286 τύχην
874 3216 900 3270 Β
969 3223 985 3270 7
1006 3210 1150 3271 *σκίτονΟ

155 3299 187 3346 12
208 3286 334 3352 ὅσουςο.
353 3290 455 3345 Reiske
472 3293 476 3359 Ι
493 3287 591 3357 ἔτυχεν
611 3283 667 3343 Οέ
669 3287 787 3357 κε’τνχεν
806 3287 913 3356 Kayser
926 3288 999 3342 Ann.
1014 3287 1082 3378 phil
1097 3289 1149 3340 1861

153 3381 180 3430 p.
201 3357 344 3432 9166
316 3380 391 3415 ειναι
414 3361 460 3415 Ba
488 3356 595 3414 ἐνεῖναι
618 3359 667 3414 Bb
701 3356 776 3414 εἶναι
798 3360 824 3412 Β
912 3364 943 3414 15
968 3356 1022 3429 μὲν
1044 3357 1099 3412 06.
1114 3353 1150 3408 Β

155 3438 188 3485 16
212 3434 333 3501 νομίζων
357 3432 459 3486 Reiske
487 3432 590 3514 νομίζω
554 3429 637 3495 CO
660 3432 663 3498 Ι
685 3425 753 3485 οὐδὲ
777 3429 800 3482 Β
877 3434 911 3484 20
935 3420 972 3498 ἦν
996 3431 1081 3484 altero
1100 3427 1149 3482 ίοιο

156 3517 209 3554 om
229 3501 420 3568 OpraeterB
493 3508 526 3555 21
546 3496 599 3568 τὴν
617 3496 750 3570 τελευτὴν
769 3495 892 3555 ὀστιλίου
911 3501 937 3554 Α
