2408 3928
473 211 637 265 ..Β-

139 372 286 440 XXXVI.
320 368 356 438 ‘0
388 370 425 439 δέ
452 367 622 458 Ῥωμύλος
657 375 762 441 ταῦτα
795 370 1062 460 διαπραξόμενος

61 477 107 544 ἐπὶ
127 482 442 566 Κρουστομερίνους
469 476 576 564 ἐξάγει
604 475 666 566 τὴν
695 476 853 565 στρατιάν
880 496 1061 566 παρεσκεν

61 584 214 670 ασμίνους
236 582 379 672 ἄμεινον
401 588 470 654 τιόν
493 587 680 674 προτέρων·
709 579 769 666 οὓς
792 587 827 654 ἐκ
848 583 1061 674 παρατάξεως

61 690 159 758 τεκαὶ
184 696 396 779 τειχομαχίας
423 690 722 780 παραστησόμενος
752 689 880 780 ἀνδρας
909 688 1062 778 ἀγαθοὺς

62 793 129 863 κατὰ
149 795 210 865 τὸν
233 794 350 883 ἀγῶνα
373 800 578 885 γενομένους
602 797 704 868 οὐδὲν
736 803 783 868 έτι
808 802 981 868 διαθεῖναι
1003 825 1059 866 κα-
1087 824 1103 866 ι

62 900 112 970 κόν
131 902 289 990 ἠξίωσεν,
312 902 396 973 ἀλλὰ
419 905 475 972 καὶ
493 905 619 992 ταύτην
642 907 797 992 ἐποίησεν
821 903 963 974 ἀποικον
981 902 1059 974 Ῥω-

61 1014 154 1094 μαίων
186 1009 248 1098 τὴν
281 1010 381 1080 πόλιν
417 1010 527 1102 ὥσπερ
559 1010 618 1093 τὰς
649 1013 820 1103 προτέρας.
875 1003 918 1099 ἦν
952 1010 990 1081 δέ
1021 1010 1102 1081 τὸῖ

62 1120 323 1205 Κρουστομέριον
353 1116 526 1206 Ἀλβανῶν
562 1116 735 1200 ἀπόκτισις
770 1126 908 1200 πολλοῖς
943 1118 1059 1207 πρότε-

26 1238 114 1310 οιορον
136 1228 194 1311 τῆς
211 1221 339 1311 Ῥύμης
361 1221 584 1294 ἀποσταλεῖσα
607 1223 751 1312 χρόνοις.
798 1223 1060 1312 διαγγελλούσης
1189 1319 1190 1322 ¹

63 1327 90 1396 δὲ
108 1334 165 1417 τῆς
187 1329 300 1418 φήμης
322 1337 461 1431 πολλαίς
486 1329 604 1400 πόλεσι
631 1329 694 1418 τήν
721 1357 757 1399 τε
783 1329 868 1398 κατὰ
891 1333 1058 1418 πολέμους
1074 1359 1101 1398 ιο

60 1435 266 1524 γενναιότητα
288 1440 350 1506 τοῦ
368 1433 534 1524 ἡγεμόνος
551 1437 607 1506 καὶ
629 1435 713 1523 πρὸς
731 1435 809 1517 τοὺς
830 1440 1060 1525 κρατηθέντας

60 1543 223 1612 ἐπιείκειαν
252 1542 375 1632 ἀνδρες
407 1569 442 1612 τε
466 1541 556 1637 αύτῷ
588 1550 830 1633 προσετίθεντο
857 1545 976 1614 πολλοὶ
1004 1545 1059 1614 καὶ

60 1646 171 1733 ἀγαθοὶ
213 1650 375 1738 δυνάμεις
421 1648 615 1738 ἀξιοχρέους
660 1657 819 1743 πανοικίᾳ
864 1671 1059 1740 μετανιστα-

60 1757 149 1839 μένας
171 1755 388 1844 ἐπαγόμενοι,
417 1748 465 1826 όν
497 1754 550 1844 ἐφ’
577 1755 653 1837 ἑνός
679 1754 845 1846 ἡγεμόνος
868 1759 904 1826 ἐκ
931 1765 1060 1846 Τυρρη-

59 1867 122 1942 νίας
144 1862 319 1956 ἐλθόντος,
343 1855 371 1956 ᾦ
394 1869 535 1944 Καίλιος
559 1862 667 1952 όνομα
686 1856 741 1952 ἦν,
764 1869 833 1934 τῶν
857 1865 975 1953 λόφων
998 1892 1058 1952 τις,
1074 1891 1101 1929 ιι

60 1969 89 2035 ἐν
109 1961 135 2061 ᾧ
155 1971 369 2060 καθιδρύθη,
399 1976 542 2051 Καίλιος
564 1976 612 2050 είς
638 1971 717 2040 τόδε
739 1970 868 2061 χρόνον
896 1980 1059 2041 καλεῖται·

60 2075 104 2142 καὶ
124 2072 236 2157 πόλεις
259 2073 334 2145 ὅλαι
357 2079 587 2166 παρεδίδοσαν
612 2075 731 2157 ἑαυτὰς
753 2075 818 2146 ἀπὸ
841 2081 900 2165 της
922 2080 1059 2146 Μεδυλ-

60 2187 150 2250 λίνων
188 2180 371 2272 ἀρξάμεναι
406 2184 462 2252 καί
505 2185 658 2268 ἐγίνοντο
690 2180 863 2271 Ῥωμαίων
900 2181 1058 2251 ἀποικίαι.

60 2292 190 2374 Σαβῖνοι
224 2287 262 2356 δὲ
293 2292 398 2357 ταῦτα
429 2284 573 2375 ὁρῶντες
604 2287 753 2375 ἤχθοντο
786 2289 841 2356 καί
875 2286 920 2357 δι’
951 2287 1100 2369 αίτίας3

60 2389 211 2481 ἀλλήλους
242 2392 350 2482 εἶχον,
384 2391 435 2463 ότι
469 2393 529 2463 οὐκ
566 2393 758 2483 ἀρχομένην
794 2393 856 2482 τὴν
885 2393 1058 2482 Ῥωμαίων
1072 2419 1101 2460 ιο

62 2499 143 2586 ίσχάν
170 2500 343 2571 ἐκώλυσαν
350 2552 360 2586 ,
388 2499 461 2569 ἀλλ’
487 2503 540 2570 ἐπὶ
563 2504 647 2590 μέγα
674 2501 868 2590 προηκούσῃ
893 2503 1058 2590 συμφέρε-

62 2615 129 2674 σθαι
152 2613 306 2697 ἔμελλον,
330 2607 439 2677 ἐδόκει
462 2635 497 2676 τε
525 2606 639 2688 αύτοίς
663 2607 971 2697 ἐπανορθώσασθαι
994 2607 1058 2696 τὴν

60 2717 208 2802 προτέραν
228 2713 372 2801 ἀγνοιαν
391 2712 571 2801 ἀξιολόγου
591 2713 767 2802 δυνάμεως
785 2712 965 2805 ἀποστολῇ.
1000 2718 1057 2785 καὶ

62 2817 126 2900 μετὰ
146 2823 245 2890 τοῦτο
268 2817 397 2910 ἀγορὰν
420 2820 641 2908 ποιησόμενοι
665 2819 854 2907 σύμπαντες
877 2823 914 2890 ἐν
937 2827 977 2911 τῇ
1001 2849 1057 2910 με-

62 2929 139 3015 γίστη
153 2954 187 2995 τε
200 2926 297 2995 πόλει
314 2928 370 2995 καὶ
383 2935 540 2996 πλεῖστον
555 2925 683 3014 ἀξίωμα
702 2927 825 3017 έχούση
841 2931 902 2996 τοῦ
918 2933 1054 3016 ἔθνους,
1069 2949 1097 2990 2⁵

67 3019 78 3051 ³
63 3035 195 3121 Κυρὶς
218 3033 327 3121 ὄνομα
349 3025 404 3130 ἦν,
422 3038 539 3121 ψῆφον
563 3031 646 3121 ὑπέρ
669 3037 731 3102 τοῦ
749 3037 898 3121 πολέμου
922 3035 1056 3122 διήνεγ-

119 3201 133 3248 2
150 3212 401 3263 κρονστομερινονς
419 3195 441 3248 Β
469 3212 730 3282 κρουστομερηνονς
749 3196 773 3248 A
798 3198 802 3264 1
826 3193 1056 3281 παρεσκευασμέ-

65 3264 137 3324 v⁰91&
161 3265 531 3351 παρεσκευασμένο<υ>ςΒ
618 3271 634 3321 8
657 3260 805 3328 ἀπόκτισις
830 3264 905 3320 ΑΒο
936 3259 1057 3334 ἀποίκη-

65 3336 151 3394 “eBb
233 3345 265 3392 11
290 3332 413 3406 καλιὴν
435 3333 506 3405 πρός
529 3332 595 3398 τούς
619 3355 641 3392 ο.
665 3337 820 3392 Ambrosch
904 3341 937 3389 14
955 3356 1061 3407 τνρρη-

65 3404 119 3466 κίοις
143 3409 186 3463 Ba
277 3413 310 3462 15
338 3407 445 3470 κέλλιος
472 3409 518 3462 Bb
611 3413 643 3462 18
671 3403 803 3462 ἀποικίαι
829 3408 852 3462 Β
889 3401 1003 3462 ἄποικοι
1029 3409 1055 3463 R

66 3471 121 3526 λδ
79 3479 241 3535 3.ανοιανο
262 3478 440 3536 casaubonus
509 3485 543 3534 26
562 3473 676 3548 κύρις..
696 3474 852 3547 Βκνρισδν
871 3477 897 3531 R
