2412 3912
440 245 608 298 -ς..
1010 245 1031 308 5

1 472 2 489 χ
38 405 182 470 τοσούτου
211 399 295 470 ὅσον
324 404 447 472 ἐκεῖναι
479 402 657 490 λαβούσας.
704 401 880 491 Ἀθηναῖοι
908 405 969 492 μέν
996 407 1070 492 χε2

2 499 3 549 Ῡ
38 505 123 594 αὐτῆς
144 507 251 595 μόνον
274 500 462 597 ἦρξαντῆς
484 515 652 598 παραλίου
675 515 771 579 δυείν
795 514 916 581 δέοντα
940 513 1035 598 ἑβδο·

2 631 22 680 ’9
38 614 167 700 μηκοντα
190 619 246 701 ἔτη
270 617 325 683 καί
351 614 431 684 οὑδὲ
450 615 573 703 ταύτης
591 613 732 703 ἁπάσης,
754 615 840 690 άλλόι
863 622 919 705 τῆς
942 616 1036 698 ἐντὸς

37 719 182 802 Εὐξείνου
212 748 249 790 τε
282 721 412 791 πόντου
442 723 499 790 καὶ
526 733 587 793 τοῦ
617 730 827 812 Παμφυλίου
859 723 1035 811 πελάνους,

39 824 82 894 ὅτε
101 827 236 914 μάλιστα
258 828 586 918 ἐθαλασσοκράτουν.
627 829 893 918 Λακεδαιμόνιοι
913 830 950 897 δὲ
968 837 1062 898 Hm

39 933 232 1022 λοποννήσου
259 935 316 1004 καὶ
346 940 405 1023 τῆς
432 934 536 1023 άλλης
564 940 764 1022 κρατοῦντες
782 934 945 1016 Ἑλλάδος
974 937 1036 1016 ἕως

43 1045 234 1122 Μακεδονίας
260 1040 323 1128 τὴν
346 1039 455 1131 ἀρχὴν
478 1040 730 1131 προύβίβασαν,
754 1042 976 1129 ἐπαύσθησαν
999 1041 1037 1110 δὲ

45 1142 98 1213 ὑπο
88 1145 259 1234 Θηβαίων
278 1146 360 1218 οὑδὲ
379 1147 442 1216 ὅλα
459 1148 640 1235 τριάκοντα
658 1148 767 1236 ἔτη
733 1175 797 1236 την
815 1146 923 1236 άρχην
941 1173 1038 1216 κατα-

1 1269 24 1318 [λ
40 1251 163 1338 σχόντες.
217 1255 239 1342 η
274 1253 312 1323 δέ
340 1252 514 1358 Ρωμαίων
551 1255 648 1336 πόλις
684 1252 815 1342 ἁπάσης
846 1255 907 1342 μὲν
943 1251 1076 1343 αρχει3

38 1361 86 1444 γῆς
102 1357 159 1446 ὅση
178 1388 224 1448 μη
209 1358 430 1448 ἀνέμβατός
448 1350 550 1448 ἐστιν,
568 1359 644 1430 ἀλλ’
666 1359 724 1430 ὑπ’
746 1359 942 1450 ἀνθρώπων
960 1387 1036 1428 κατ·
1051 1388 1077 1428 10
1151 1381 1166 1406 ν

37 1481 172 1553 οικείται,
204 1466 314 1554 πάσης
343 1467 380 1536 δὲ
406 1482 523 1556 κρατεῖ
547 1467 738 1555 θαλάσσης,
772 1465 814 1536 ού
843 1467 952 1553 μόνον
979 1470 1039 1552 τῆς

35 1571 114 1654 ἐντὸς
129 1572 337 1663 Ἡρακλείων
360 1579 506 1662 στηλῶν,
534 1572 620 1643 άλλδι
650 1576 706 1672 καὶ
733 1577 793 1661 τῆς
812 1572 1039 1653 Ὠκεανίτιδος

7 1675 85 1765 ιόση
106 1689 263 1750 πλεῖσθαι
286 1679 331 1768 μὴ
355 1678 522 1761 όιδύυατός
546 1682 626 1767 ἐστι,
646 1680 759 1769 πρύτη
778 1680 834 1748 καί
857 1677 945 1766 μόνη
969 1682 1038 1746 τῶν
1155 1705 1180 1726 ⁹

34 1786 62 1852 ἐκ
81 1792 139 1856 τοῦ
159 1786 286 1867 παντὸς
310 1791 433 1867 αἰῶνος
455 1789 763 1875 μνημονευομένων
791 1783 960 1866 ἀνατολὰς
982 1784 1038 1852 καί

35 1892 179 1974 δύσεις”
159 1921 265 1983 ορους
291 1895 499 1982 ποιησαμένη
527 1897 585 1980 τῆς
614 1897 824 1972 δυναστείας
857 1891 980 1979 χρόνος
1001 1915 1037 1959 τε
1052 1919 1078 1960 15

35 1997 102 2090 αὐτῇ
125 2005 187 2070 τοῦ
211 2002 355 2089 κράτους
378 1999 419 2068 οὐ
442 2000 579 2088 βραχύς,
603 1997 677 2068 ἀλλ’
703 1998 783 2079 ὅσος
805 1996 947 2087 οὐδεμιᾷ
969 2000 1038 2066 τῶν

34 2104 131 2176 όλλων
156 2105 236 2176 ούτε
260 2107 391 2174 πόλεων
415 2105 492 2175 ούτε
520 2109 710 2193 βασιλειῶν.
756 2102 862 2184 εύδὺς
888 2103 951 2191 μὲν
974 2087 1079 2189 χὺρ4

34 2209 94 2293 ίξ’
77 2218 181 2301 αρχῆς
201 2212 284 2300 μετὰ
311 2213 373 2282 τὸν
402 2211 557 2300 οἰκισμὸν
582 2211 624 2280 τὰ
649 2217 794 2300 πλησίον
821 2216 907 2295 έδυη
931 2210 1038 2278 πολλὰ

34 2321 75 2387 καί
96 2319 225 2408 μάχιμα
255 2318 338 2388 ὅντα
365 2318 551 2406 προσήγετο
580 2319 635 2385 καὶ
663 2316 871 2406 προύβαινεν
894 2316 949 2384 άεὶ
972 2317 1039 2382 πᾶν

34 2428 231 2514 δουλουμένη
255 2425 293 2494 τὸ
317 2423 510 2494 ἀντίπαλον·
543 2428 647 2492 ταῦτα
672 2423 709 2492 δὲ
731 2423 828 2492 πέντε
850 2421 907 2488 καὶ
930 2431 1081 2488 τετται20
1163 2434 1167 2448 “

35 2532 165 2614 ρόκοντα
188 2532 255 2621 ἥδη
279 2533 362 2618 πρὸς
389 2537 485 2618 [τοῖς]
511 2525 719 2610 ἑπτακοσίοις
746 2533 854 2598 ἔτεσίν
878 2529 969 2596 ἐστιν
991 2531 1040 2607 είς

35 2635 167 2720 ὑπάτους
189 2639 366 2708 Κλαύδιον
385 2639 531 2726 Νέρωνα
553 2638 593 2706 τὸ
618 2637 777 2723 δεύτερον
802 2632 1038 2719 [ὑπατεύοντα]

35 2749 76 2812 καὶ
104 2751 266 2815 Πείσωνα
293 2744 552 2830 Καλπούρνιον,
581 2749 617 2811 οἳ
640 2741 724 2810 κατὰ
752 2740 814 2829 τὴν
841 2747 957 2829 τρίτην
986 2740 1039 2809 ἐπὶ

35 2865 92 2932 ταῖς
114 2855 320 2939 ἐνενήκοντα
342 2855 399 2920 καὶ
419 2849 538 2919 ἑκατὸν
558 2847 761 2936 ὀλυμπιάσιν
781 2847 1040 2934 ἀπεδείχθησαν.

92 3019 108 3066 2
132 3007 206 3066 αὑτὸ
223 3007 354 3094 μόνουο.
379 3009 467 3065 Cobet
455 3010 564 3065 t.0bs
616 3015 677 3065 ‚20
761 3009 820 3062 7*
827 3002 1040 3075 έπαύδησανθ

37 3077 124 3138 δούδὲ
149 3081 399 3152 Schweighaeuser
416 3083 453 3136 ad
470 3081 567 3169 Polyb
631 3084 740 3150 p.,122
764 3078 869 3134 Schaef
867 3095 897 3133 er
856 3078 957 3132 fad
975 3077 1041 3132 Dio·

37 3167 82 3220 115⁸.
100 3155 134 3208 de
155 3171 246 3224 comp
271 3155 347 3207 verb.
366 3171 394 3221 p.
414 3159 474 3220 297,
495 3149 602 3207 ούτεΟ
620 3149 689 3223 λέπη
708 3148 917 3237 τετταράκοντα
936 3149 1040 3202 Casan-

38 3223 109 3279 bonus
135 3227 173 3280 ad
200 3224 300 3294 Polyb.
325 3223 347 3290 Ι,
371 3230 387 3277 2
479 3230 512 3278 10
535 3218 593 3277 ὑπὸ
620 3151 646 3276 A
743 3227 775 3275 12
799 3217 954 3281 άκεανίδος
983 3215 1041 3272 ἐστὶ

40 3295 117 3376 νεάτη
146 3315 198 3364 οοη
218 3299 354 3350 πλεῖσθαι
361 3292 414 3381 μὴ
438 3288 605 3356 άδύνατος.
625 3292 674 3348 καί
697 3290 812 3362 μόνηΒ
851 3287 1041 3350 Ὠκεανίτιδος

41 3359 77 3434 ὅση
99 3366 155 3422 ἐστὶ
179 3364 285 3436 πλωτὴ,
308 3363 404 3435 πρώτη
426 3365 476 3419 καί
496 3364 612 3435 μόνηο.
631 3363 735 3420 Reiske
827 3367 859 3416 17
879 3361 931 3448 μὲν
946 3377 999 3414 om.
1017 3359 1041 3412 B

42 3442 112 3505 Ano
98 3437 270 3519 ροσηχάχετο
284 3439 310 3490 A
391 3441 424 3490 21
444 3442 503 3498 τοις
522 3453 576 3491 om.
594 3435 641 3490 AB
723 3439 757 3488 22
776 3428 957 3486 ὑπατεύοντα
977 3447 1041 3486 oum

44 3506 112 3563 &uida
129 3508 237 3564 delevit
256 3508 378 3564 Reudler
396 3506 486 3562 Tiroc.
506 3507 566 3560 crit.
586 3525 613 3575 p.
629 3511 655 3560 3
720 3511 753 3558 23
772 3505 881 3557 πίσωνα
898 3501 919 3556 0
