2412 3912
120 207 162 272 16
546 209 709 260 -A-

120 367 177 437 διὰ
204 363 241 435 τὸ
271 365 432 452 γενέσεως
462 377 533 444 τοῖς
560 363 629 452 μετ’
656 361 779 444 αύτούς
806 363 920 453 άρξαι,
951 362 1062 452 ὥσπερ
1089 360 1131 432 ἂν

79 473 215 562 2ἡμεῑς
238 481 387 559 εἴποιμεν
414 471 596 561 γενεάρχας
622 467 644 558 ἢ
672 473 916 558 πρωτογόνους.
961 472 1069 558 ἕτεροι
1097 471 1133 538 δὲ

119 583 277 668 λέγουσιν
309 578 485 659 ἀνεστίους
518 576 612 659 τινάς
643 580 699 646 καὶ
730 580 899 667 πλάνητας
931 580 967 646 ἐκ
998 583 1132 646 πολλῶν

121 686 350 767 συνελθόντας
377 693 509 774 χωρίων
536 684 619 755 κατὰ
647 690 794 772 δαίμονα
821 699 1010 774 περιτυχεῖν
1038 682 1135 770 άλλή·

91 804 190 875 ολοις
218 792 341 862 αὐτόθι
367 795 423 861 καὶ
450 792 512 880 τὴν
540 802 671 884 οἴκησιν
700 794 753 860 ἐπὶ
779 806 849 872 τοῖς
872 791 1014 880 ἐρύμασι
1036 817 1135 859 κατα-

120 901 324 988 στήσασθαι,
353 906 412 986 ζῆν
440 900 478 968 δὲ
505 896 571 968 άπὸ
601 900 752 988 λγστείας
773 901 829 966 καὶ
851 903 965 986 νομῆς·
1010 905 1135 987 παραλ-

120 1009 279 1076 λάττουσι
307 1005 346 1074 δὲ
377 1006 433 1073 καὶ
464 1003 526 1092 τὴν
555 1005 743 1093 ὀνομασίαν
771 1003 885 1074 αὐτῶν
912 1007 966 1073 ἐπὶ
996 1003 1034 1073 τὸ
1062 1018 1136 1086 ταῖς

119 1114 235 1201 τύχαις
263 1112 482 1201 οἰκειότερον,
507 1109 735 1201 Ἀβερριγῖνας
767 1115 935 1198 λέγοντες,
963 1109 1047 1182 ὥστε
1077 1116 1137 1198 δη-

119 1228 268 1290 λοῦσθαι
295 1216 419 1300 αύτούς
445 1219 621 1306 πλάνητας.
666 1219 856 1288 κινδυνεύει
887 1220 930 1306 δὴ
952 1217 1035 1287 κατά
1057 1217 1137 1287 τού-

80 1361 108 1404 10
120 1351 201 1407 τους
237 1325 343 1412 μηδὲν
379 1326 553 1415 διαφέρειν
588 1327 626 1395 τὸ
664 1329 732 1395 τῶν
766 1323 986 1414 Ἀβοριγίνων
1022 1330 1138 1412 φῦλον

120 1426 171 1502 ὧν
194 1431 337 1501 ἐκάλουν
369 1436 405 1500 οί
424 1433 560 1501 παλαιοὶ
583 1434 752 1519 Λελέγων·
784 1446 854 1513 τοῖς
876 1430 940 1521 γὰρ
969 1429 1139 1512 ἀνεστίοις

119 1541 176 1609 καὶ
208 1539 325 1626 μιγάσι
357 1541 413 1606 καί
445 1543 611 1626 μηδεμίαν
642 1542 707 1626 γῆν
740 1545 882 1626 βεβαίως
915 1537 960 1618 ὡς
992 1543 1140 1624 πατρίδα

119 1648 313 1716 κατοικοῦσι
342 1645 468 1731 ταύτην
496 1648 687 1714 ἐπετίθεντο
714 1643 778 1732 τὴν
808 1642 995 1731 ὀνομασίαν
1023 1643 1068 1724 ὡς
1095 1644 1140 1713 τὰ

81 1763 102 1828 3
121 1753 237 1822 πολλά.
280 1750 377 1820 άλλοι
401 1751 438 1820 δὲ
461 1751 601 1838 Λιγύων
619 1749 781 1846 άποίκους
799 1755 1053 1839 μυθολογοῦσιν
1078 1749 1141 1820 αύ-

81 1893 107 1936 15
120 1859 201 1939 τοὺς
230 1861 391 1945 γενέσθαι
422 1863 491 1926 τῶν
524 1856 744 1946 ὁμορούντων
769 1857 967 1946 Ὀμβρικοῖς·
1005 1861 1044 1932 οί,
1069 1858 1140 1948 γὰρ

120 1971 245 2052 Λίγυες
268 1968 399 2033 οίκοῦσι
423 1964 484 2051 μὲν
510 1965 566 2033 καλ
588 1969 648 2051 τῆς
668 1963 808 2044 Ἰταλίας
830 1970 994 2055 πολλαχῇ,
1018 1967 1141 2052 νέμον-

119 2099 174 2142 ται
198 2073 239 2141 δέ
258 2095 335 2139 τινα
353 2071 486 2157 καὶτῆς
505 2075 675 2158 Κελτικῆς.
718 2070 860 2159 ὁποτέρα
880 2069 911 2140 δ’
933 2070 1047 2152 αὐτοῖς
1066 2074 1141 2142 ἐστι
1159 2091 1189 2139 29

120 2183 163 2266 γῆ
191 2182 323 2263 πατρίς,
352 2175 494 2262 άδηλον·
532 2175 573 2246 ού
600 2177 665 2267 γὰρ
694 2183 741 2246 ἔτι
769 2179 897 2265 λέγεται
924 2179 999 2264 περὶ
1022 2177 1143 2250 αὐτῶν

120 2287 321 2374 προσωτέρω
345 2283 449 2371 σαφὲς
472 2281 583 2354 ούδέν.

81 2426 108 2468 20
210 2393 267 2460 XI.
310 2394 354 2459 Οί
385 2391 423 2458 δὲ
454 2391 652 2477 λογιιύτατοι
678 2394 747 2459 τῶν
766 2388 958 2478 Ῥωμαϊκῶν
992 2410 1144 2480 συγγρα-

121 2501 231 2588 φέων,
258 2499 295 2565 ἐν
323 2492 373 2577 οἷς
401 2499 470 2565 ἐστι
497 2497 646 2581 Πόρκιός
672 2523 708 2565 τε
735 2495 859 2565 Κάτων
887 2495 906 2565 ὁ
933 2495 993 2576 τάς
1021 2525 1145 2584 γενεα-

120 2608 237 2690 λογίας
254 2607 322 2672 τύν
342 2605 379 2672 ἐν
390 2600 512 2694 Ἰταλίᾳ
529 2603 662 2672 πόλεων
681 2604 914 2690 ἐπιμελέστατα
932 2604 1146 2691 συναγαγὼν

120 2711 177 2778 καὶ
211 2710 314 2790 Γάϊος
345 2709 565 2799 Σεμπρώνιος
595 2711 651 2778 καὶ
682 2708 781 2779 άλλοι
812 2715 947 2798 συχνοί,
968 2708 1149 2798 Ἕλληνας

121 2812 246 2895 αύτούς
276 2813 363 2884 εἶναι
397 2817 533 2902 λέγουσι
564 2818 633 2884 τῶν
662 2819 699 2884 ἐν
723 2814 836 2907 Ἀχαΐα
868 2817 947 2884 ποτὲ
979 2817 1149 2904 οἰκησάν-

82 2953 107 2995 ιε
121 2949 205 3008 των,
241 2929 378 3002 πολλαῖς
414 2936 544 3009 γενεαῖς
586 2922 751 3011 πρότερον
792 2927 854 2992 τοῦ
889 2924 1037 3010 πολέμου
1073 2929 1151 2994 τοῦ

126 3032 279 3117 Τρωικοῦ
310 3027 586 3115 μεταναστάντας.
632 3025 749 3142 ὀὐκέτι
782 3030 895 3116 μέντοι
921 3021 1151 3118 διορίζουσιν

193 3265 209 3315 2
224 3265 411 3329 πρωτογενεῐς
424 3260 581 3330 suspicatur
590 3260 712 3348 Sylburg
721 3261 912 3331 (μτίοιοςεαίίί
925 3261 1002 3348 Eue)
1039 3267 1154 3318 8πλοι-

121 3328 252 3415 νήταςΑ
326 3331 414 3386 λκαὶ
437 3349 491 3387 om.
514 3330 537 3383 B
610 3327 880 3417 8άβορριγίναςΒ
923 3326 1092 3406 άβοριγίνας
1122 3338 1158 3390 Α

158 3408 174 3458 9
193 3421 260 3464 τους
274 3399 427 3487 πλανήτας
445 3402 470 3455 Α
485 3405 489 3471 Ι
505 3399 686 3459 κινδυνεύειν
704 3403 727 3456 Β
784 3411 815 3458 11
835 3402 964 3472 Λελεγων
983 3403 1056 3473 Dmg
1074 3403 1156 3462 Ste-

120 3475 230 3544 phanus
249 3467 285 3542 δὴ
305 3471 376 3543 λέγω
396 3474 418 3529 Ο
492 3480 524 3530 18
544 3469 664 3529 οὐδὲ
632 3494 685 3543 γαρ
704 3475 728 3529 Δ
