2412 3912
448 197 613 252 -Α-
999 198 1041 264 51

39 355 92 426 ὑπὸ
113 363 156 452 τῷ
179 357 276 452 λόγῳ
304 359 580 439 συνοικισθέντες
606 357 648 428 τά
670 384 706 428 τε
729 354 815 425 ἄλλα
837 357 1042 446 διεκόσμουν

39 463 69 534 τὸ
93 472 211 554 κτίσμα
235 479 306 546 τοῖς
334 475 473 535 οίκοθεν
501 470 659 554 νομίμοις
687 462 855 554 χρεόμενοι
884 465 941 534 καὶ
968 463 1042 554 ἱερά

39 571 210 658 ἱδρύονται,
231 577 367 661 πρῶτον
391 571 453 660 μὲν
475 576 522 666 τῷ
541 575 681 664 Λνκαίηι
704 569 798 639 Πανὶ
819 573 878 658 τῆς
897 572 1043 660 Θέμιδος

36 679 245 766 ἐξηγουμένης
275 677 425 769 (Ἀρκάσι
455 676 519 766 γὰρ
549 681 644 746 θεῶν
672 674 892 765 ἀρχαιότατός
920 704 956 746 τε
985 679 1041 747 καί

35 784 216 870 τιμιώτατος
244 781 262 853 ὁ
291 784 388 875 Πάν)
416 789 542 873 χωρίον
572 782 763 872 ἐξευρόντες
786 781 992 870 ἐπιτήδειον,
1021 779 1068 854 δε

5 903 21 952 ιο
35 895 160 960 καλοῦσι
177 890 335 978 Ῥωμαῖοι
358 891 624 981 Λουπερκάλιον,
648 887 742 978 ἡμεῖς
766 887 794 956 δ’
820 885 863 956 δν
889 899 1040 979 εἴποιμεν

37 999 179 1068 Λύκαιον.
225 1003 291 1096 νῦν
314 999 377 1087 μὲν
401 991 464 1068 οὖν
488 998 813 1086 συμπεπολισμένων
835 1001 882 1089 τῷ
909 999 1080 1086 τεμένει4

39 1109 94 1173 τόν
112 1109 203 1196 πέριξ
226 1111 360 1196 χωρίων
385 1109 603 1186 δυσείκαστος
620 1106 762 1191 γέγονεν
785 1099 806 1190 ἡ
829 1102 955 1173 παλαιά
977 1110 1038 1175 τοῦ

35 1210 124 1281 τύπου
146 1213 264 1302 φύσις,
288 1205 331 1301 ἦν
356 1213 395 1282 δὲ
416 1211 454 1282 τὸ
478 1210 619 1301 άρχαίον
644 1208 691 1292 ῦς
715 1211 844 1297 λέγεται
874 1211 1040 1301 σπήλαιον

32 1315 85 1387 ὑπὸ
114 1323 162 1415 τῷ
196 1321 296 1412 λόφςυ
326 1321 430 1408 μέγα,
462 1323 578 1412 δρυμῷ
609 1323 715 1410 λασίῳ
746 1319 952 1407 κατηρεφές,
983 1320 1080 1388 καίεο

29 1432 175 1514 κρηνίδες
201 1425 267 1496 ὑπὸ
294 1440 367 1508 ταῖς
393 1427 528 1515 πέτραις
556 1425 731 1514 ἐμβύθιοι,
759 1421 782 1512 ἦ
808 1451 844 1494 τε
873 1423 1039 1515 προσεχὴς

29 1537 67 1624 τῷ
95 1538 233 1627 κρημνῷ
267 1533 357 1622 νάπη
393 1547 534 1614 πυκνοῖς
569 1534 625 1602 καί
663 1531 822 1620 μεγάλοις
858 1533 1039 1620 δένδρεσιν

27 1642 174 1722 ἐπίσκιος
220 1646 307 1711 ἔνθα
330 1640 446 1729 βωμὸν
471 1639 692 1729 ἱδρυσάμενοι
714 1643 760 1731 τῷ
789 1642 861 1732 θεῷ
885 1637 949 1726 τὴν
976 1636 1078 1713 τιό-5

26 1775 113 1837 τριον
144 1755 274 1818 θυσίαν
306 1750 515 1834 ἐπετέλεσαν,
548 1743 592 1836 ἢν
620 1749 716 1836 μέχρι
742 1750 804 1817 τοῦ
832 1744 915 1816 καθ’
950 1742 1038 1834 ἡμᾶς

25 1857 148 1943 χρόνον
168 1854 325 1943 Ῥωμαῖοι
352 1854 502 1924 θύουσιν
530 1856 567 1923 ἐν
596 1855 678 1942 μηνὶ
705 1857 926 1946 Φεβρουαρίῳ
955 1848 1036 1940 μετὰ
1051 1878 1078 1918 ιι

22 1960 76 2043 τάς
105 1968 294 2050 χειμερίους
325 1960 466 2051 τροπάς,
499 1958 602 2029 οῦδὲν
635 1965 704 2029 τῶν
735 1959 810 2031 τότε
840 1959 1037 2049 γενομέναν

25 2073 290 2154 μετακινοῦντες·
313 2065 331 2138 ό
356 2067 395 2138 δὲ
416 2067 540 2157 τρόπος
552 2072 614 2155 τῆς
636 2073 761 2148 θυσίας
775 2070 812 2137 ἐν
830 2082 903 2149 τοϊς
925 2072 1037 2136 ἔπειτα

23 2177 224 2266 λεχθήσεται.
270 2176 323 2246 ἐπὶ
356 2175 394 2244 δὲ
424 2178 465 2263 τῇ
496 2180 633 2265 κορυφῇ
664 2180 726 2244 τοῦ
758 2175 869 2263 λόφου
902 2171 940 2244 τὸ
977 2175 1037 2259 τῆς

25 2288 125 2371 Νίκης
152 2284 292 2369 τέμενος
321 2279 488 2364 ἐξελόντες
516 2287 642 2362 θυσίας
670 2284 725 2350 καὶ
748 2282 851 2371 ταύτη
879 2277 1036 2365 κατεστη-

24 2408 119 2458 σαντο
144 2394 348 2476 διετησίους,
372 2385 411 2468 ἃς
432 2389 488 2457 καὶ
512 2386 563 2458 ἐπ’
589 2392 671 2478 ἐμοῦ
690 2387 847 2477 Ῥωμαῖοι
872 2393 989 2456 ἔθυον.
1049 2407 1075 2447 2⁰

105 2499 258 2564 XXXIII.
289 2494 421 2583 Ταύτην
446 2495 483 2563 δὲ
503 2493 662 2582 Ἀρκάδες
685 2498 919 2583 μυθολογοῦσι
942 2491 1034 2560 Πάλ-

24 2607 137 2683 λαντος
159 2601 248 2672 εἶναι
270 2603 442 2691 θυγατέρα
464 2605 525 2670 τοῦ
548 2601 744 2681 Λυκάονος·
770 2597 868 2688 τιμάς
893 2599 930 2670 δέ
952 2595 1032 2687 παρ’

5 2703 210 2796 ιάνθροόπαν
248 2703 288 2789 ἃς
325 2713 390 2796 ἔχει
427 2711 493 2776 νῦν
526 2705 673 2794 Ἀθηνᾶς
708 2709 869 2794 βουλήσει
906 2713 1034 2793 λαβεῖν,

24 2819 203 2903 γενομένην
226 2819 285 2902 τῆς
306 2819 394 2882 θεοῦ
417 2813 622 2902 σύντροφον.
668 2817 818 2901 δοθῆναι
840 2812 905 2900 γάρ
929 2810 1035 2892 εύθῦς

24 2917 85 2988 άπὸ
105 2927 207 3010 γονης
228 2920 291 3009 τὴν
311 2919 461 3008 Ἀθηνᾶν
484 2922 659 2990 Πάλλαντι
683 2918 748 2989 ὑπὸ
765 2917 850 3000 Διὸς
872 2923 929 2988 καί
951 2917 1030 3008 παρ’
1046 2938 1073 2980 ²⁵

26 3027 132 3120 έκείνηι
155 3030 236 3109 τέως
265 3033 313 3108 είς
345 3026 438 3117 ὥραν
461 3027 598 3115 ἀφίκετο
621 3030 800 3116 τραφῆναι.
846 3025 1032 3115 ίδρύσαντο

91 3194 104 3242 1
123 3189 326 3259 διικοσμοῦντο
344 3191 482 3258 κτίσματα
502 3189 524 3244 O
551 3205 621 3244 corr.
639 3187 782 3258 Kiessling
858 3191 875 3241 ἰ’
892 3165 948 3241 νῦν
966 3183 1032 3254 μέν·

28 3275 68 3310 τοι
86 3277 105 3314 ο.
123 3259 279 3314 Ambroseh
305 3262 309 3328 Ι
334 3259 587 3330 συμπεπιλημένων
616 3276 639 3314 c.
659 3258 760 3314 Reiske
834 3263 867 3312 10
887 3256 966 3325 σοφῦ
985 3255 1033 3309 Ba.

62 3334 89 3384 12
105 3332 161 3386 νῦν
183 3331 314 3401 κρημνῶν
343 3331 454 3386 Ocorr.
473 3330 615 3400 Kiessling
687 3335 720 3384 16
750 3323 802 3390 τὰς
828 3345 882 3382 om.
911 3328 937 3379 A
953 3327 957 3394 Ι
974 3343 1030 3395 χει-

29 3403 160 3488 μξρίαςβ
249 3406 283 3458 2⁶
307 3396 359 3471 τὴν
384 3397 506 3472 Ἀθηνᾶν
534 3396 591 3457 άπὸ
621 3400 706 3470 γονῆς
732 3399 755 3452 Β
846 3405 880 3452 26
904 3391 981 3466 ῦραν
1004 3395 1031 3448 A

31 3486 158 3538 ονρανους
176 3473 200 3526 Β

832 3555 869 3606 4*
