2408 3928
348 231 625 286 ,4,-

50 389 184 477 λόμενον
207 391 310 462 αύτὸν
334 395 564 475 ἐπιδείξασθαι
591 405 663 473 τοῖς
690 390 890 462 ἀπιστοῦσιν
914 393 1052 479 ἐναργές

49 522 76 564 τι
101 495 233 586 μήνυμα
260 503 319 587 τῆς
345 497 430 588 πρὸς
459 495 522 586 τῆν
556 503 701 586 δαίμονα
731 495 863 587 ὁμιλίας
892 499 972 588 [καὶ]
1003 501 1053 566 δι-

50 606 208 692 δαχθέντα
238 604 296 675 ὑπ’
332 604 435 694 αὐτῆς
466 609 605 694 ποιῆσαι
636 605 731 675 τάδε·
762 605 948 675 καλέσαντα
974 603 1094 675 ‘Pon-6

50 717 147 798 μαίων
169 711 315 794 πολλοὺς
332 715 388 781 καὶ
407 710 559 800 ἀγαθούς
578 717 626 793 είς
646 709 708 800 τὴν
729 717 851 799 οίκίαν,
870 714 907 780 ἐν
926 701 947 801 ῆ
968 715 1052 779 διαι-

50 815 185 905 τώμενος
207 819 404 908 ἐτύγχανεν,
432 825 542 888 ἔπειτα
570 821 726 902 δείξαντα
752 833 824 900 τοῖς
847 821 987 887 ἐλθοῦσι
1009 815 1076 886 τάν

52 929 140 994 ἔνδον
166 929 207 1016 τῆ
236 953 272 996 τε
301 925 387 1016 ἄλλη
416 930 602 1017 κατασκευῇ
633 925 772 1014 φαύλως
802 927 1053 1014 κεχορηγημένα

51 1032 96 1100 καί
113 1030 153 1121 δὴ
171 1034 311 1103 καὶτῶν
330 1039 379 1114 είς
397 1035 546 1104 ἑστίασιν
561 1031 699 1123 ὀχλικὴν
713 1037 913 1122 ἐπιτηδείων
932 1031 1054 1119 ἄπορα,

51 1139 112 1207 τότε
141 1139 206 1228 μὲν
242 1138 511 1211 ἀπαλλάττεσθαι
547 1140 714 1228 κελεύειν,
751 1146 799 1222 είς
836 1141 978 1230 ἑσπέραν
1017 1138 1055 1207 δδ

17 1254 154 1316 δῦῖκαλεῖν
187 1245 312 1328 αὐτούς
327 1250 397 1348 ,ἐπὶ
428 1246 467 1318 τὸ
506 1251 660 1318 δεῖπνον·
696 1249 984 1338 παραγενομένοις
1017 1245 1093 1316 δὲῖ

54 1351 117 1420 ιαιά
147 1351 212 1442 τῆν
250 1352 513 1443 ἀποδειχθεῖσαν
551 1353 644 1443 δι’ραν
681 1357 841 1437 ἐπιδεῖξαι
878 1351 1054 1442 στρωμνάς
1069 1375 1095 1412 1⁰

51 1485 78 1526 τε
95 1468 285 1540 πολυτελεῖς
306 1462 364 1529 καὶ
381 1462 544 1551 τραπέζας
565 1460 769 1550 ἐκπωμάτων
788 1460 956 1548 γεμούσας
973 1467 1053 1528 πολ-

51 1572 107 1634 λτν
127 1569 183 1636 καὶ
212 1571 325 1636 καλῶν
349 1568 498 1636 ἑστίασίν
526 1593 561 1635 τε
584 1565 701 1648 αὐτοῖς
727 1576 933 1656 παραθεῖναι
955 1593 1053 1636 κατα-

49 1680 206 1757 κλιθεῖσιν
243 1672 374 1762 ἀπάσης
411 1675 555 1761 ἐδωδῆς,
587 1670 631 1761 ῆν
664 1669 739 1743 οὐδ’
774 1669 818 1742 ἀν
855 1676 890 1743 ἐκ
926 1678 1055 1743 πολλοῦ

49 1778 127 1850 πύνν
148 1783 280 1872 χρόνον
301 1780 629 1870 παρασκευάσασθαί
647 1807 716 1850 τινι
734 1784 803 1850 τῶν
826 1780 901 1850 τότε
919 1778 1055 1869 ἀνθρύ-

50 1909 111 1954 των
128 1889 252 1981 ῥᾴδιον
271 1880 324 1976 ῆν.
364 1901 436 1968 τοῖς
454 1886 492 1955 δὲ
505 1885 681 1975 Ῥωμαίοις
698 1886 901 1974 κατάπληξίν
919 1913 954 1957 τε
972 1887 1056 1976 πρὸς
1070 1905 1095 1946 ¹⁵

50 1992 176 2064 ἕκαστον
205 1998 274 2064 τῶν
303 1991 488 2082 δρωμένων
516 1990 679 2062 ὑπελθεῖν
706 1994 763 2062 καὶ
791 1993 894 2076 δόξαν
917 1995 951 2075 ἐξ
974 1996 1054 2061 ἐκεί-

50 2123 103 2167 νου
118 2105 181 2170 τοῦ
200 2101 329 2190 χρόνον
346 2106 558 2190 παραστῆναι
576 2103 726 2188 βέβαιον,
741 2097 793 2169 ὅτι
811 2099 877 2168 θεοί
895 2125 945 2179 τις
963 2097 1055 2191 αύτῷ

51 2213 154 2296 συνῆν.

124 2317 210 2384 LXI.
244 2320 290 2384 Οί
315 2313 416 2385 δὲτὰ
438 2315 584 2404 μνθύδη
607 2314 716 2384 πάντα
743 2315 994 2402 περιαιροῦντες
1021 2314 1056 2380 ἐκ

50 2424 98 2506 τῆς
126 2427 277 2511 ἱστορίας
308 2423 502 2492 πεπλάσθαι
534 2422 640 2509 φασὶν
672 2419 738 2490 ὑπὸ
770 2424 832 2490 τοῦ
860 2418 962 2505 Νόμα
993 2417 1054 2488 τὸν
1069 2437 1095 2478 11

52 2529 114 2615 περὶ
134 2533 195 2618 τῆς
215 2527 369 2619 Ἠγερίας
391 2529 513 2617 λόγον,
539 2532 598 2598 ίνα
621 2532 706 2620 ῥᾷον
730 2526 820 2621 αύτῷ
844 2528 1055 2616 προσέχωσιν

53 2637 80 2701 οἱ
97 2634 134 2704 τά
152 2646 233 2706 θεῖα
257 2637 405 2718 δεδιότες
427 2638 484 2705 καὶ
501 2635 688 2724 προθύμως
712 2637 874 2723 δέχωνται
896 2632 976 2716 τοὺς
995 2632 1053 2704 ὑπ’

53 2737 143 2812 αὐτοῦ
170 2744 374 2830 τιθεμένους
400 2742 545 2830 νόμους,
572 2738 618 2822 ὡς
644 2739 736 2832 παρά
762 2744 856 2810 θεῶν
883 2743 1054 2830 κομιζομέ-

53 2872 130 2929 νους.
175 2856 292 2937 λαβεῖν
316 2848 355 2918 δὲ
378 2847 481 2918 αύτδν
509 2848 571 2937 τῆν
594 2848 725 2918 τούτων
748 2854 888 2937 μίμησιν
912 2846 1056 2936 ἀποφαί-
1075 2848 1096 2913 2

53 2977 160 3026 νουσιν
194 2960 230 3026 ἐκ
261 2961 330 3026 τῶν
354 2953 563 3044 Ἑλληνικῶν
594 2955 875 3045 παραδειγμάτων
908 2955 1057 3044 ζηλωτὴν
1071 2980 1097 3022 ιι
1155 2975 1172 3006 ν

54 3063 226 3151 γενόμενον
248 3068 307 3151 τῆς
330 3089 365 3132 τε
384 3069 487 3132 Μίνω
509 3067 571 3132 τοῦ
590 3061 725 3154 Κρητὸς
746 3063 802 3130 καί
824 3066 883 3148 τῆς
901 3062 1056 3150 Λυκούρ-

56 3193 107 3250 γοο
131 3174 191 3240 τοῦ
215 3174 490 3258 Λακεδαιμονίου
518 3178 653 3258 σοφίας·
686 3159 735 3238 ὧν
764 3167 869 3258 ὁμὲν
897 3166 1057 3257 ὁμιλητὴς

108 3366 130 3420 '2
147 3367 196 3423 καλ
214 3367 270 3422 del.
289 3367 393 3424 Reiske
470 3361 537 3420 9τδ
557 3365 611 3422 del.
630 3364 719 3421 Cobet
738 3365 802 3421 obs.
821 3384 849 3434 p.
865 3369 898 3421 52
974 3372 1007 3421 16
1027 3362 1057 3433 ἐξ

58 3445 100 3488 om.
117 3437 166 3491 AB
250 3443 283 3493 17
306 3438 487 3507 παραστῆσαι
510 3437 562 3492 ΑΒ
643 3442 677 3490 21
697 3431 856 3507 ῆγερίαςΑ
939 3443 973 3491 22
993 3436 1058 3492 Ῥω-

58 3511 124 3570 μαῖοι
140 3505 173 3562 τδι
192 3527 216 3565 ο.
236 3509 380 3580 Kiessling
398 3505 433 3565 τά
453 3509 507 3565 del.
526 3509 633 3578 Kayser
651 3510 723 3562 Anu.
742 3506 812 3576 phil.
833 3511 901 3560 1861
921 3526 948 3577 p.
969 3514 985 3562 5

101 3615 191 3660 Βεοπτε.
203 3619 270 3660 Eu..
289 3619 311 3661 Ι.
322 3627 362 3658 ιο.
376 3617 477 3660 δεοοετ.
863 3601 895 3649 16
