2412 3912
144 226 188 293 26
570 257 604 266 -
640 231 736 280 A·-

143 392 339 460 έποιοῦντο·
372 384 448 458 ὅτε
477 385 574 473 θεὸς,
604 377 630 479 ᾧ
653 395 943 473 κατονομασθεῖεν
973 380 1138 453 ἀπελαυνό-

143 521 256 584 μενοι,
285 493 535 582 συλλαμβάνειν
563 492 677 572 αύτοίς
705 491 750 574 ὡς
770 491 811 561 τά
842 491 949 562 πολλά
972 491 1077 561 έδόκει
1096 490 1140 557 καὶ

144 600 233 691 παρὰ
255 600 318 690 τὴν
341 601 571 691 ἀνθρωπίνην
581 599 686 682 δόξαν
708 605 903 688 κατορθοῦν
920 598 979 680 τὰς
997 597 1141 675 ἀποικίας.

102 709 251 802 4τούτω
282 708 324 796 δὴ
346 713 392 802 τῷ
416 708 510 801 νόμῳ
539 708 706 797 χρεόμενοι
728 709 784 776 καὶ
810 707 885 776 τότε
908 712 976 778 τῶν
997 704 1141 792 Ἀβοριχί
1154 723 1176 772 44

116 839 216 887 ενων
239 816 329 897 τινὲς
351 816 556 886 ἀνθούντων
586 805 731 904 ἀνδράσι
753 819 822 884 τόν
845 820 979 904 χωρίων
1003 815 1143 901 (κτείνειν
1183 809 1184 854 7

143 923 206 1012 χάρ
233 923 358 993 οὐδένα
380 927 448 992 τῶν
467 922 618 1009 ἐκγόνων
632 921 763 1009 ἠξίουν,
786 921 891 1008 ἀχους
905 918 1046 1000 οὐδενὸς
1068 923 1143 986 ἔλαι-
1184 932 1185 1010 χ

144 1057 205 1099 τον
236 1034 336 1098 τούτο
368 1031 569 1117 τιθέμενοι),
601 1033 695 1098 θεῶν
727 1027 793 1122 ότμ
822 1027 865 1116 δὴ
892 1027 1145 1115 καθιερώσαντες

142 1138 340 1215 ἐνιαυσίους
361 1134 465 1223 χονάς
488 1135 730 1224 ἀνδρωθέντας
752 1134 961 1218 ἀποικιζουσι
983 1132 1064 1213 τοὺς
1084 1144 1145 1200 παί-

146 1246 206 1322 δας
230 1244 265 1310 έκ
286 1246 346 1328 τῆς
369 1246 541 1330 σφετέρας,
566 1249 603 1312 οἳ
613 1241 694 1323 τοὺς
707 1241 871 1322 Σικελούς
893 1240 1035 1328 ἄγοντές
1056 1266 1090 1309 τε
1101 1238 1146 1306 καί
1185 1265 1186 1280 ³

102 1329 304 1460 {9590va
328 1351 512 1435 διετέλουν,
537 1349 652 1437 ἐπειδὴ
674 1348 737 1438 τὴν
761 1350 890 1418 ἑαυτόν
914 1349 1076 1430 ἐξέλιπον.
1113 1341 1147 1424 ός

144 1455 176 1524 δ’
202 1454 287 1535 ἅπαξ
312 1445 406 1523 οὗτοι
429 1462 562 1544 χωρίων
581 1460 685 1525 τινῶν
708 1460 767 1543 τῆς
780 1461 940 1544 πολεμίας
962 1454 1147 1542 ἐκρότησαν,
1186 1438 1187 1530 ί

141 1566 177 1633 ἐκ
203 1566 266 1630 τοῦ
293 1559 548 1651 ἀσφαλεστέρου
574 1562 641 1650 ἤδη
674 1563 729 1631 καί
758 1565 793 1630 οί
817 1562 931 1631 λοιποὶ
956 1560 1149 1650 Ἀβοριηίνες

141 1673 177 1739 οί
207 1667 364 1754 δεόμενοι
394 1673 456 1756 γῆς
486 1668 569 1739 κατά
598 1673 685 1757 σφᾶς
709 1671 841 1738 ἕκαστοι
874 1672 1069 1757 ἐπεχείρουν
1091 1680 1149 1744 τοϊς
1187 1693 1188 1785 χ

141 1775 279 1865 ὁμόροις
311 1776 367 1844 καί
399 1775 512 1857 πόλεις
545 1782 678 1844 ἔκτισαν
708 1774 811 1856 ἄλλας
839 1778 878 1844 τέ
902 1803 997 1856 τινας
1023 1777 1081 1844 καὶ
1103 1771 1151 1851 τάς

102 1905 128 1946 ιε
143 1886 238 1972 μέχρι
267 1886 368 1952 τοῦδε
402 1886 617 1972 οἰκουμένας,
645 1881 866 1970 Ἀντεμνάτας
894 1884 950 1951 καὶ
984 1890 1151 1969 Τελληνεῖς

140 1991 197 2058 καὶ
233 1991 442 2069 Φικολνέους
472 1987 551 2070 τούς
582 1988 667 2078 πρὸς
688 2005 760 2070 τοῖς
786 1993 1008 2078 καλουμένοις
1035 1994 1152 2077 Κορνί

140 2105 233 2176 κλοις
265 2095 357 2183 ὄρεσι
389 2098 446 2164 καὶ
475 2103 734 2185 Τιβουρτίνους,
757 2095 842 2183 ,παρ’
876 2091 928 2177 οίς
955 2102 1002 2166 ἔτι
1029 2099 1086 2165 καὶ
1113 2099 1153 2174 είς

139 2202 218 2272 τόδε
241 2202 371 2290 χρόνου
394 2204 494 2290 μέρος
515 2230 548 2271 τι
570 2208 630 2290 τῆς
651 2202 781 2283 πόλεως
809 2201 1005 2291 ὀνομάζεται
1028 2211 1153 2272 Σικελι-

140 2310 221 2379 κόν·
248 2311 305 2377 καὶ
319 2302 599 2396 ἦσανᾶπάντων
628 2309 770 2397 μάλιστα
792 2314 860 2378 τῶν
883 2309 1153 2397 προσοικούντων
1168 2315 1189 2367 θ

101 2439 127 2479 20
141 2417 286 2504 λυπηροὶ
310 2431 382 2496 τοῖς
404 2425 568 2497 Σικελοῖς.
614 2415 788 2486 ἀνίσταται
813 2414 851 2484 δὲ
879 2418 914 2484 έκ
936 2416 1069 2485 τούτων
1092 2418 1155 2518 τόν

141 2525 317 2610 διαφορῶν
350 2537 423 2602 τοῖς
455 2527 593 2590 ἔθνεσιν
627 2520 720 2601 όλοις
755 2522 900 2610 πόλεμος
931 2521 1011 2602 ὅσος
1048 2521 1158 2599 οὐδεὶς

139 2634 208 2698 τῶν
240 2629 406 2717 πρότερον
438 2631 634 2717 γευομένων
666 2631 703 2697 έν
733 2627 871 2720 Ἰταλία,
898 2630 955 2697 καί
984 2634 1157 2718 προῆλθεν

140 2734 217 2823 ἀχρι
239 2740 367 2804 πολλοῦ
389 2734 517 2823 χρόνου
539 2735 780 2822 μηκυνόμενος.

230 2843 335 2910 XVII.
361 2841 498 2910 Ἔπειτα
529 2846 717 2928 Πελασγῶν
749 2868 839 2922 τινες
869 2845 938 2910 τῶν
971 2842 1158 2912 οἰκούντων

101 2968 128 3010 2⁵
143 2950 180 3018 έν
207 2951 247 3037 τῇ
275 2949 465 3036 καλουμένῃ
494 2952 559 3016 νῦν
583 2953 744 3040 Θετταλίᾳ
771 2946 833 3036 τὴν
861 2950 990 3017 ἑαυτόν
1013 2947 1160 3036 ἀναγκα-

212 3152 229 3200 3
243 3141 278 3200 τά
292 3145 342 3215 τῆς
358 3139 492 3207 ἀποικίας
506 3161 529 3199 ο.
544 3144 646 3200 Reiske
668 3201 674 3212 ,
697 3152 712 3200 6
728 3140 816 3214 όηους
829 3145 852 3198 Β
871 3140 940 3214 ἄχος
953 3145 979 3199 R
1032 3150 1046 3198 7
1064 3139 1159 3211 ὁτωδὴ

140 3218 164 3271 Β
237 3223 270 3271 13
290 3216 341 3286 γῆς
359 3216 450 3285 τῆςΟ
479 3216 530 3285 γῆς
551 3217 708 3286 Stephanus
783 3222 816 3271 14
835 3211 949 3288 ᾤκησαν
973 3231 995 3270 ο.
1015 3213 1161 3282 Kiensling

141 3287 185 3342 Pr.
201 3286 265 3342 Βυε.
279 3306 307 3357 p.
323 3294 339 3341 4
413 3295 445 3342 16
465 3286 634 3356 φιλοκνέους
651 3288 704 3341 AB
720 3291 725 3357 Ι
740 3283 844 3349 τοάςΒ
862 3287 957 3349 τοίςΑ
1015 3291 1046 3340 17
1067 3288 1162 3357 τιβορ-

140 3353 378 3427 τίνονςΒΙπαρ’
399 3352 487 3419 οδςΒ
558 3363 592 3412 22
607 3357 792 3428 προτέρωνΑ
863 3365 898 3412 23
912 3353 1007 3426 πόρρω
1026 3351 1160 3428 χρόνῳΟ

143 3445 211 3484 corr.
230 3429 374 3499 Kiessling
446 3434 480 3482 24
494 3429 571 3483 Haec
589 3446 677 3498 usque
697 3429 733 3483 ad
748 3446 807 3498 cap.
823 3435 858 3483 44
877 3429 922 3482 fin.
941 3428 1044 3497 raptim
1065 3443 1163 3482 excer-

141 3499 199 3568 psit
216 3499 353 3554 Eusebius
371 3500 486 3567 interpr.
507 3501 618 3554 Armen.
638 3500 651 3553 I
669 3518 696 3569 p.
712 3506 764 3556 267
776 3517 817 3569 sq.
900 3503 934 3554 25
953 3500 1007 3554 νῦν
1024 3498 1046 3552 Β
1066 3515 1124 3553 om.
1139 3499 1164 3551 R
