2396 3918
130 190 193 256 136
553 195 721 246 -A-

127 345 171 437 ήν
193 349 249 418 καὶ
272 347 362 439 παρά
384 346 425 419 τά
449 347 545 419 δεινὰ
570 352 733 419 διέσωσεν
753 347 795 418 οὐ
817 346 902 436 πρὸς
925 345 1034 417 οἶκτον
1056 344 1124 413 οὐδὲ

127 454 335 544 λιπαρήσεις,
366 453 411 536 ὡς
433 453 578 535 ἀπαντες
601 457 639 524 έν
661 469 735 534 ταῖς
755 458 906 524 τοιαῖσδε
929 457 1060 523 ποιοῦσι
1079 453 1125 520 τό-

128 589 213 650 χαις,
235 562 455 653 τραπόμενος,
478 560 564 631 ἀλλά
587 560 652 631 σὺν
676 559 829 653 εέκόσμφ
848 564 957 650 σιωπή
981 558 1062 649 πρὸς
1077 557 1126 627 τὸν

88 668 236 758 4μόρον
259 669 378 739 ἀπιόν.
424 667 469 750 ὡς
497 667 529 737 δ’
555 675 603 750 είς
630 667 692 757 τήν
721 673 833 738 οἰκίαν
860 667 1025 754 ἀφίκοντο
1048 693 1128 754 μετα-

88 805 101 846 ε
129 780 249 863 στῆναι
271 775 351 856 τοὺς
373 774 498 857 ἄλλους
519 775 679 856 κελεύσας
706 777 909 863 μονωθέντα
935 772 996 844 τὸν
1014 771 1129 860 Ῥῶμον
1186 817 1187 832 ι

128 881 227 971 ήρετο
250 887 300 963 τίς
323 891 375 970 είη
398 883 454 952 καὶ
473 887 589 968 τίνων,
614 879 659 962 ὡς
682 881 744 952 οὐκ
763 878 806 950 ἀν
826 884 862 952 έκ
878 884 948 950 τῶν
970 879 1131 968 τυχόντων

128 1014 166 1074 γε
189 986 300 1076 ἀνδρα
317 991 475 1057 τοιοῦτον
489 986 686 1076 γενόμενον.
722 988 876 1069 εἰπόντος
894 986 932 1056 δὲ
944 991 1007 1056 τοῦ
1017 986 1133 1074 Ῥόμοο

128 1098 293 1164 τοσοῦτον
316 1096 445 1164 εἰδέναι
473 1093 582 1182 μόνον
609 1093 693 1164 κατὰ
716 1094 840 1164 πύστιν
867 1099 929 1163 τοῦ
950 1097 1135 1182 τρέφοντος,

129 1198 182 1268 ότι
212 1199 277 1270 σὺν
304 1198 440 1294 ἀδελφῷ
470 1201 602 1294 διδόμφ
631 1204 782 1290 ἐκτεθείη
810 1202 936 1292 βρέφος
963 1205 1013 1282 είς
1035 1200 1135 1287 νάπην

90 1339 116 1378 ιο
130 1304 235 1387 εὐθὺς
266 1305 332 1376 ἀπό
364 1313 471 1395 γονής
501 1309 558 1377 καὶ
584 1307 669 1393 πρὸς
695 1313 764 1378 τῶν
791 1310 926 1396 νομέων
953 1307 1137 1398 ἀναιρεθεὶς
1188 1305 1189 1326 ’

130 1416 323 1502 ἐκτραφείη,
361 1413 491 1502 βραχὺν
528 1412 674 1503 ἐπισχὼν
710 1413 838 1504 χρόνον
879 1424 944 1484 εῖτε
981 1412 1138 1500 ὑποτοπη-

129 1526 205 1601 θείς
231 1547 263 1589 τι
291 1525 360 1590 τῶν
388 1518 530 1609 ἀληθῶν
558 1530 624 1590 είτε
650 1525 711 1592 τοῦ
740 1525 904 1609 δαίμονος
930 1520 1077 1608 ἄγοντος
1102 1525 1139 1599 εἰς

90 1625 323 1716 ὅτούμφανὲς
344 1626 382 1696 τὸ
405 1631 542 1717 πρᾶγμα
565 1629 654 1714 λέγει
673 1627 758 1716 πρὸς
775 1626 894 1697 αὐτόν·
922 1625 995 1696 Ὅτι
1015 1628 1080 1716 μὲν
1097 1624 1137 1696 ἐπ’

130 1735 205 1822 ἐμοὶ
232 1736 390 1821 γέγονας,
420 1727 590 1823 όῬῶμε,
620 1744 746 1804 παθεῖν
776 1735 797 1804 ό
823 1761 856 1804 τι
885 1731 930 1804 ἀν
962 1734 1175 1819 δικαιόσωμῐῖ

92 1871 117 1912 ιε
132 1841 188 1908 καὶ
212 1836 257 1920 οἱς
283 1841 359 1930 περὶ
386 1842 515 1909 πολλοῦ
543 1839 733 1928 ποιήσαιντ’
760 1836 803 1910 ἀν
831 1843 867 1908 οί
887 1843 1092 1928 κομίσαντές
1113 1861 1143 1908 σε

132 1949 234 2034 δεῦρο
271 1943 379 2015 πολλὰ
415 1947 471 2016 καλ
514 1945 610 2015 δεινὰ
646 1946 816 2026 παθόντες
852 1944 1063 2034 ἀποθανεῖν,
1096 1946 1144 2016 οδ

133 2052 192 2122 δέν
216 2056 270 2121 δεῖ
290 2051 374 2141 πρὸς
396 2050 509 2122 είδότα
532 2056 652 2140 λέγειν.
694 2057 726 2121 εί
747 2055 789 2123 δέ
809 2072 847 2122 σε
864 2053 1024 2124 θανάτου
1043 2082 1080 2124 τε
1097 2056 1146 2122 καὶ
1191 2103 1192 2112 1

131 2158 238 2230 ἀλλον
260 2158 387 2240 παντὸς
410 2162 615 2249 ἐκλυσαίμην
644 2165 766 2247 κακοῦ,
792 2153 847 2250 ἀρ’
873 2157 917 2230 ἀν
946 2165 1074 2249 εἰδείης
1096 2189 1146 2250 μοι

131 2266 232 2356 χάριν
263 2268 320 2336 καὶ
352 2268 503 2358 δεομένῳ
535 2263 783 2356 ὑπουργήσειας
816 2264 835 2336 ὃ
867 2267 988 2338 κοινὸν
1021 2267 1148 2358 ἀμφοῖν

92 2353 224 2481 ξοέσται
247 2371 399 2461 ἀγαθόν;
422 2370 697 2461 ἀποκριναμένου
711 2372 749 2441 δὲ
766 2377 830 2442 τοῦ
847 2380 1026 2463 μειρακίου
1046 2375 1150 2446 ὁπόσα

132 2481 211 2562 τοὺς
243 2483 280 2551 έν
313 2478 504 2567 ἀπογνώσει
535 2484 616 2567 βίον
646 2481 824 2566 κειμένους
850 2477 871 2567 ἡ
903 2485 966 2550 τοῦ
998 2482 1150 2570 σωθήσε-

133 2598 217 2657 σθαι
240 2589 331 2667 ἐλπὶς
353 2600 424 2666 τοῖς
449 2589 581 2675 κυρίοις
606 2584 731 2655 τούτου
758 2587 870 2672 λέγειν
896 2587 953 2656 καὶ
980 2585 1152 2677 ὑπισχνεῖ-

134 2703 217 2762 σθαι
244 2696 388 2778 έπαίρει,
416 2696 517 2760 λῦσαι
544 2691 703 2772 κελεύσας
730 2690 835 2762 αὐτὸν
864 2691 882 2761 ὁ
906 2695 1072 2784 Νεμέτωρ
1100 2695 1153 2763 καὶ

133 2800 261 2880 πάντας
288 2797 450 2868 ἀπελθεῖν
484 2801 637 2868 ἐκποδῶν
665 2797 783 2887 φράζει
815 2798 874 2879 τάς
906 2797 1012 2870 αὑτοῦ
1039 2800 1154 2889 τύχας,

94 2946 122 2987 25
136 2904 182 2988 ὡς
202 2905 356 2994 Ἀμόλιος
379 2903 484 2974 αὐτὸν
507 2902 655 2992 ἀδελφὸς
678 2901 726 2974 ἀν
750 2902 952 2993 ἀπεστέρησε
975 2911 1035 2994 τής
1056 2913 1154 2994 βασι-

134 3019 226 3094 λείας
252 3010 410 3103 ὀρφανόν
440 3039 476 3080 τε
502 3013 631 3080 τέκνων
663 3017 780 3099 ἔθηκε,
807 3010 868 3082 τὸν
891 3011 954 3101 μὲν
982 3015 1037 3082 έπλ
1060 3014 1155 3105 θήρᾳ

208 3180 222 3228 1
242 3172 293 3230 καλ
310 3173 333 3226 Β
351 3189 407 3228 om.
425 3169 621 3298 Ιλὸδιέσωζεν
640 3190 663 3228 ο.
678 3170 820 3243 Kiessling
891 3178 908 3227 3
928 3168 1000 3243 πρὸς
1018 3173 1040 3227 Β
1060 3168 1113 3229 έπλ
1131 3175 1155 3229 R

136 3254 152 3302 6
173 3243 204 3301 έκ
218 3246 304 3301 τίνων
319 3260 341 3298 ο.
357 3243 448 3300 cobet
482 3243 523 3300 bs.
534 3261 562 3313 p.
572 3250 606 3298 36
658 3249 692 3304 16
705 3239 852 3306 παθόντες
866 3237 894 3298 τ’
904 3237 994 3299 ἀποθ.
1010 3262 1033 3300 ο.
1044 3245 1155 3301 Meutz-

135 3333 186 3372 ποτ
198 3317 270 3372 Anu.
284 3313 354 3386 phil.
371 3321 438 3370 1877
454 3333 482 3383 p.
497 3319 548 3368 832
566 3310 701 3369 παθόντα
721 3309 748 3368 α’
763 3313 865 3370 Reiske
926 3321 959 3370 19
974 3313 1118 3404 δεομένου
1132 3317 1155 3370 Β

137 3392 172 3440 24
191 3381 321 3448 ἅπαντας
334 3386 360 3438 A
372 3384 376 3455 Ι
388 3379 528 3440 ἀπελθεῖν
548 3378 715 3438 ίκποθάνΒ
732 3377 872 3440 ἀπελθεῖν
891 3380 915 3440 έ.
932 3386 977 3456 ΕΙ
994 3387 1085 3441 αυτοῦ
1101 3388 1156 3442 ΔΒ

139 3471 208 3511 corr.
228 3455 389 3526 Stephanus
462 3459 496 3508 25
515 3445 556 3507 ἀν
575 3468 629 3507 om.
647 3455 670 3506 Β
743 3460 777 3509 26
796 3473 826 3509 τε
841 3455 986 3512 Meutzner
1002 3457 1053 3512 1.1.
1076 3457 1112 3514 δὲ
1133 3457 1156 3512 Ο
