2404 3918
472 201 639 251 ..Γ-

39 357 200 447 σῦμβολα
235 351 295 445 τῆς
329 354 527 446 ἡγεμονίας,
565 351 615 437 οἷς
651 355 818 446 ἐκόσμουν
855 355 952 426 αὐτοὶ
983 354 1063 437 τοῦς

38 466 231 553 σφετέρους
255 470 416 553 βασιλεῖς,
443 469 635 554 κομίζοντες
665 462 835 551 στεφανόν
857 491 893 533 τε
915 463 1061 552 χρύσεον

37 574 101 642 καί
124 571 259 661 θρόνον
282 570 504 659 ἐλεφάντινον
527 572 583 640 καὶ
602 574 772 660 σκῆπτρον
791 568 891 640 ἀετὸν
911 575 988 659 ἔχον
1007 571 1062 640 ἐπὶ

38 683 103 768 τῆς
129 681 278 768 κεφαλῆς
308 679 434 767 χιτῶνά
460 705 496 750 τε
526 682 730 768 πορφυροῦν
760 677 978 766 χρυσόσημον
1005 678 1063 746 καλ

39 784 264 875 περιβόλαιον
286 789 490 874 πορφυροῦν
516 791 687 872 ποικίλον,
716 779 772 854 οἷα
794 787 921 854 Λυδῶν
947 811 983 853 τε
1005 783 1088 855 καλε

41 897 192 982 Περσῶν
215 891 365 981 ἐφόρουν
389 895 425 960 οί
440 895 599 979 βασιλεῖς,
617 891 706 980 πλην
728 889 770 960 οῦ
788 889 1000 978 τετράγωνόν
1023 917 1061 978 γε

41 1004 89 1092 τῷ
123 998 282 1088 σχήματι,
313 998 467 1087 καθάπερ
504 999 615 1068 ἐκείνω
651 989 711 1086 ἦν,
743 995 816 1066 ἀλλ’
851 996 1061 1085 ἡμικύκλιον.

42 1105 85 1176 τά
109 1106 148 1175 δὲ
170 1109 309 1176 τοιαῦτα
330 1109 399 1175 τῶν
422 1104 664 1194 ἀμφιεσμάτων
682 1102 841 1192 Ῥωμαῖοι
864 1104 926 1192 μὲν
948 1103 1061 1192 τόγας,

35 1211 199 1300 Ἕλληνες
222 1211 260 1280 δὲ
282 1210 450 1299 τήβεννον
468 1215 648 1298 καλοῦσιν,
672 1209 734 1281 οῦκ
758 1209 824 1280 οἷδ’
846 1208 976 1282 ὁπόθεν
1000 1237 1061 1299 μα-

1 1318 186 1400 ιοοθόντες·
214 1316 413 1406 Ἑλληνικὸν
450 1318 515 1408 γάρ
549 1317 591 1388 οῦ
627 1324 788 1407 φαίνεταί
819 1344 877 1406 μοι
909 1317 1060 1405 τοῦνομα
1075 1345 1101 1386 ιο

47 1423 142 1494 εἶναι.
188 1422 233 1506 ὡς
257 1428 297 1495 δέ
316 1452 406 1507 τινες
428 1428 601 1515 ίστοροῦσι
627 1426 682 1493 καὶ
709 1423 789 1505 τοὺς
812 1423 943 1494 δυόδεκα
965 1425 1059 1494 πελά·
1078 1426 1100 1494 2

43 1558 114 1612 κεις
136 1531 296 1622 ἐκόμισαν
318 1530 408 1602 αὐτο
433 1531 596 1621 λαβόντες
623 1535 657 1614 ἐξ
680 1531 820 1620 ἑκάστης
841 1530 969 1612 πόλεως
992 1532 1061 1599 ἕνα.

48 1637 262 1727 Τυρρηνικὸν
285 1636 350 1728 γάρ
374 1637 462 1708 εἶναι
486 1645 568 1721 ἔθος
595 1643 690 1708 δοκεῖ
716 1639 857 1710 ἑκάστου
886 1642 955 1708 τῶν
977 1635 1061 1707 κατὰ

42 1745 146 1814 πόλιν
177 1747 344 1833 βασιλέων
381 1748 442 1814 ἕνα
478 1754 703 1835 προηγεῖσθαι
738 1742 960 1834 ῥαβδοφόρον
992 1742 1061 1832 άμα

42 1855 83 1940 τῇ
109 1853 214 1941 δέσμη
236 1855 305 1921 τῶν
330 1849 468 1940 ῥάβδων
491 1853 633 1921 πέλεκυν
657 1852 818 1940 φέροντα·
848 1854 880 1919 εί
901 1850 940 1920 δὲ
962 1848 1060 1937 κοινὴ
1075 1876 1101 1920 ιο

42 1963 175 2044 γίνοιτο
203 1960 271 2026 τῶν
301 1957 432 2027 δεόδεκα
463 1956 595 2026 πόλεων
625 1963 795 2045 στρατεία,
822 1956 902 2037 τοῦς
929 1955 1061 2028 δυ’δεκα

41 2065 192 2144 πελέκεις
206 2064 258 2133 ἑνί
270 2068 524 2153 παραδίδοσθαι
537 2068 583 2158 τῷ
599 2063 739 2152 λαβόντι
752 2061 816 2152 την
830 2061 1062 2152 αὐτοκράτορα

41 2154 163 2260 άρχήν.
205 2169 247 2239 οῦ
274 2168 341 2258 μὴν
369 2168 514 2251 ἅπαντές
540 2197 578 2258 γε
606 2174 837 2260 συμφέρονται
863 2183 935 2252 τοῖς
956 2171 1101 2240 ταῦτα3

42 2280 220 2364 λέγουσιν,
248 2274 333 2346 άλλόι
354 2281 557 2367 παλαίτερον
586 2283 634 2346 ἔτι
657 2282 716 2366 τῆς
742 2283 933 2368 Ταρκυνίου
957 2281 1061 2346 δυνα·

43 2389 156 2464 στείας
182 2386 330 2464 πελέκεις
358 2381 489 2453 δυόδεκα
515 2381 581 2470 πρὸ
609 2387 677 2453 τῶν
704 2385 872 2470 βασιλέων
894 2385 1065 2472 φέρεσθαί
1075 2409 1103 2454 εο

43 2510 146 2578 φασι,
181 2490 455 2577 καταστήσασθαι
493 2489 531 2560 δὲ
566 2488 604 2558 τὸ
641 2495 723 2571 ἔθος
757 2494 857 2560 τοῦτο
888 2487 1062 2578 Ῥωμύλον

45 2596 154 2678 εὐθὺς
176 2594 245 2686 άμα
267 2600 314 2691 τςῦ
332 2602 540 2685 παραλαβείν
563 2595 626 2684 τὴν
649 2594 766 2685 άρχήν.
809 2593 915 2668 οὐθὲν
941 2596 978 2665 δὲ
1000 2622 1062 2664 κω·

43 2705 119 2778 λόει
145 2702 183 2774 τὸ
213 2703 275 2792 μὲν
304 2700 433 2790 εῦρημα
459 2706 646 2791 Τυρρηνῶν
675 2701 779 2791 εἶναι,
806 2703 999 2794 χρήσασθαι
1028 2701 1059 2770 δ’

44 2811 136 2905 αὐτῷ
169 2814 305 2900 πρῶτον
327 2807 500 2898 Ῥωμόλον
532 2808 610 2898 παρ’
641 2813 779 2880 ἐκείνων
811 2811 975 2900 λαβόντα,
1007 2835 1062 2878 κο-

44 2922 214 3006 μισθῆνοιι
237 2917 275 2986 δὲ
298 2921 474 3009 Ταρκυνίῳ
494 2914 558 2986 σῦν
580 2930 651 2998 τοῖς
673 2915 789 2998 ἄλλοις
805 2917 945 3006 κόσμοις
966 2923 1061 3004 βασι
1076 2940 1102 2984 ιι

45 3035 154 3106 λικοίς
181 3025 237 3093 καὶ
264 3023 343 3104 τοὺς
374 3023 505 3114 δώδεκα
532 3025 693 3111 πελέκεις,
721 3025 833 3114 ὥσπερ
856 3026 972 3113 γεκαὶ
995 3027 1062 3093 νῦν

118 3265 134 3313 2
157 3258 280 3328 χρυσοῦν
366 3262 384 3312 4
406 3253 511 3326 χιτῶνά
543 3276 573 3312 τε
605 3257 774 3329 πορφυροῦν
805 3252 928 3328 ηρασόση
949 3277 983 3312 ον
1006 3257 1061 3314 del.

47 3328 275 3399 Schnellep.11
333 3325 495 3398 8τοηάτΒ
567 3325 722 3401 9τήβενον
740 3330 766 3384 Α
839 3335 872 3384 18
897 3278 1061 3386 *δδίκειΟ

48 3406 82 3456 15
100 3400 245 3471 διαμῆιλ
309 3405 341 3454 16
361 3402 492 3469 στρατεία
507 3399 628 3488 θηΙοοες
647 3395 800 3471 στρατιδΟ
859 3405 893 3456 23
913 3394 1019 3471 εῦρεμα
1038 3400 1082 3461 ΟΙ
1197 3449 1198 3477 ,

48 3476 83 3526 24
102 3467 173 3527 αῦτδ
189 3473 214 3525 Δ
286 3475 320 3525 26
340 3464 434 3540 ὥσπερ
452 3471 498 3544 ηε]
518 3489 612 3543 ωσπερ
631 3469 672 3527 ἔτι
691 3489 714 3528 ο.
734 3471 823 3528 Cobet
841 3471 907 3528 Obs.
925 3491 953 3543 p.
973 3478 1007 3528 72
