2408 3928
458 206 623 259 -B-
981 207 1047 273 237

121 368 236 434 LVIII.
268 363 474 454 Ἑλκομένης
502 363 534 432 δ’
560 365 614 434 ἐπὶ
642 365 728 435 πολὺ
756 371 815 454 τῆς
842 373 1051 454 φιλονεικίας

39 477 248 553 τελευτῶντες
280 474 333 542 έπλ
365 471 475 566 τοότφ
503 475 697 560 συνέβησαν
723 478 768 566 τῷ
802 479 936 566 δικαίῳ,
966 473 1049 543 ὥστε

41 582 127 647 δυεῖν
148 563 315 665 θάτερον,
338 576 359 667 ἢ
382 577 463 659 τοὺς
486 582 734 668 πρεσβυτέρους
756 579 940 666 βουλευτὰς
969 579 1050 649 ἀπο-

42 689 135 768 δείξαι
157 689 300 774 βασιλέα
322 691 423 774 σφῶν
446 687 510 774 μέν
538 685 651 755 αὐτῶν
674 689 818 774 μηδένα,
839 691 910 756 τῶν
934 685 965 753 δ’
992 686 1050 755 ἅλ-

42 801 101 860 λων
126 789 168 862 δν
196 791 242 868 ἂν
271 793 545 882 ἐπιτηδειότατον
573 791 660 862 εἶναι
688 799 890 880 νομίσωσιν,
920 790 941 881 ἢ
969 793 1050 874 τοὺς
1076 822 1090 864 ι

9 904 220 990 ιοενεωτέρους
242 899 282 970 τὸ
302 899 386 970 αὐτὸ
404 905 543 988 ποιῆσαι
561 905 670 970 τοῦτο.
708 903 863 987 δέχονται
880 899 942 989 τὴν
961 903 1049 990 αἵρε-

41 1026 87 1074 σιν
109 1013 143 1076 οί
162 1007 386 1098 πρεσβύτεροι
414 1009 470 1076 καλ
501 1005 597 1078 πόλλ’
624 1009 677 1078 ἐπὶ
703 1012 801 1095 σφῶν
829 1005 941 1077 αὐτῶν
969 1013 1049 1094 βου-

42 1115 232 1204 λευσόμενοι
250 1114 326 1186 τόδ’
349 1119 517 1203 ἔγνωσαν·
541 1114 655 1201 ἐπειδη
673 1118 733 1202 τῆς
754 1112 935 1204 ἡγεμονίας
952 1113 1050 1184 αὐτοὶ

43 1219 108 1290 κατὰ
125 1220 189 1302 τὰς
203 1221 381 1310 συνθήκας
400 1219 637 1310 ἀπηλαύνοντο
651 1222 736 1310 μηδὲ
748 1226 817 1292 τῶν
837 1220 1050 1291 ἐπεισελθόν-

44 1353 96 1396 των
122 1334 322 1415 βουλευτῶν
351 1329 473 1417 μηδενὶ
507 1337 709 1416 προσθεῖναι
736 1325 798 1416 τὴν
826 1326 949 1418 ἀρχήν,
973 1325 1046 1396 ἀλλ’
1064 1357 1090 1396 ιο

41 1436 171 1506 ἐπακτόν
195 1461 275 1506 τινα
299 1437 428 1518 ἔξωθεν
449 1434 561 1524 ἄνδρα
572 1436 629 1504 καλ
647 1433 726 1522 μηδ’
753 1433 926 1523 ὁποτέροις
947 1454 1049 1522 κροσ-

39 1542 242 1630 δησόμενον,
272 1539 318 1622 ὡς
344 1538 388 1610 όιν
417 1542 560 1629 μάλιστα
583 1543 770 1628 ἐξαιρεθείη
798 1539 836 1610 τὸ
860 1539 1049 1626 στασιάζον,

39 1648 223 1736 ἐξευρόντες
250 1646 425 1730 ἀποδείξαι
453 1649 602 1736 βασιλέα.
650 1651 755 1714 ταῦτα
781 1646 1088 1734 βουλευσόμενοι2

38 1754 310 1846 προύχειρίσαντο
334 1753 446 1844 ἄνδρα
469 1755 591 1841 γένους
607 1752 670 1840 μέν
692 1756 755 1822 τοῦ
773 1757 947 1840 Σαβίνων,
970 1751 1048 1822 νίδν

39 1861 69 1928 δὲ
78 1869 274 1951 Πομπιλίου
284 1861 478 1948 Πόμπωνος
490 1857 615 1948 ἀνδρὸς
629 1861 815 1947 ἐπιφανοῦς
827 1856 928 1944 [κατ’]
940 1858 1049 1947 ὄνομα
1063 1889 1089 1930 ιε

38 1969 168 2057 Νόμαν,
193 1967 271 2058 [χρὴ
296 1967 335 2036 δὲ
361 1966 426 2055 τὴν
455 1969 616 2055 δευτέραν
645 1963 818 2053 συλλαβὴν
841 1968 1049 2046 ἐκτείνοντας

38 2080 247 2163 βαρυτονεῖν]
275 2073 406 2163 ἡλικίας
433 2101 469 2143 τε
491 2078 550 2161 τῆς
578 2071 837 2161 φρονιμωτάτης
860 2071 957 2159 όντα,
979 2099 1046 2141 τετ-

38 2187 309 2268 ταρακονταετίας
331 2179 395 2268 γδιρ
420 2177 462 2248 οὐ
480 2178 567 2247 πολὺ
585 2176 709 2266 ἀπεῖχε,
731 2179 788 2246 καλ
811 2176 944 2260 ἀξιώσει
968 2205 1048 2267 μορ

39 2293 94 2374 φῆς
115 2287 306 2376 βασιλικόν.
352 2279 398 2374 ἦν
426 2285 465 2354 δέ
492 2283 598 2354 αὐτοῦ
624 2287 679 2352 καλ
706 2287 803 2365 κλέος
825 2285 982 2372 μέγιστον
1007 2283 1083 2354 οό3

8 2394 120 2485 ιεοταρδι
139 2400 309 2483 Κυρίταις
331 2393 452 2481 μόνον,
476 2389 561 2462 αἰλλδι
583 2391 639 2460 καλ
661 2389 752 2479 παρὰ
773 2405 845 2471 τοῖς
866 2397 1048 2480 περιοίκοις
1062 2423 1088 2462 ιο

40 2503 83 2568 ἐτλ
104 2508 220 2592 σοφία.
268 2498 313 2582 ὦς
337 2500 375 2569 δὲ
397 2498 487 2568 τοῦτ’
509 2501 625 2580 ἔδοξεν
648 2495 763 2577 αὐτοῖς
786 2502 991 2585 συγκαλοῦσι
1009 2497 1048 2567 τὸ

39 2615 161 2697 πλῆθος
184 2615 233 2689 είς
256 2607 446 2694 ἐκκλησίαν,
465 2605 521 2673 καλ
540 2601 723 2694 παρελθὼν
744 2606 778 2686 ἐξ
799 2602 911 2673 αὐτῶν
933 2601 947 2674 ἐ
973 2605 1048 2675 τότε

39 2712 273 2804 μεσοβασιλεὺς
295 2711 398 2798 εἶπεν,
422 2710 474 2781 ότι
497 2715 596 2800 κοινῇ
621 2710 725 2793 δόξαν
749 2708 853 2780 ἅπασι
876 2725 946 2793 τοῖς
968 2718 1048 2798 βον-

40 2831 161 2905 λευταλς
193 2819 373 2911 βασιλικὴν
405 2818 678 2905 καταστήσασθαι
711 2812 900 2904 πολιτείαν,
932 2819 1048 2906 κύριος

101 3059 219 3111 3δυεῖν
238 3054 261 3109 Β
280 3055 363 3108 δυοῖν
380 3053 407 3107 Β
478 3047 567 3121 4μλν
590 3049 671 3118 σφῶν
689 3048 748 3133 Ba,
807 3054 823 3103 5
848 3052 981 3120 νομίσωσι
1000 3052 1047 3124 Β]

44 3119 122 3191 ἣοιο.
140 3128 186 3181 Ba
269 3131 284 3180 7
308 3119 389 3180 πολλ’
409 3125 434 3177 A
461 3116 550 3175 πολλὰ
568 3121 594 3175 Β
674 3121 782 3174 8ταδε
802 3119 856 3174 ΑΒ
937 3128 953 3176 9
977 3121 1048 3193 μηδὲ

42 3196 176 3268 Bfioheler,
198 3195 324 3252 Sintenin
341 3195 402 3250 Em.
422 3193 504 3248 Dion.
524 3192 551 3244 ΙΙ
569 3209 596 3261 p.
616 3197 650 3245 29
669 3187 740 3260 μήγε
760 3191 786 3244 Α
808 3186 877 3261 μήτε
897 3192 920 3246 Β
941 3196 945 3260 λ
966 3193 1050 3249 *τοῖν

44 3262 277 3338 ἐπιβουλευόντων
291 3265 315 3321 Ο
334 3268 391 3320 τῶν
409 3263 510 3319 νεωστλ
525 3257 720 3336 βουλευόντων
734 3280 757 3317 ε.
774 3261 896 3318 ὃίαδεοὶε
910 3263 929 3317 l.
944 3264 963 3319 1.
984 3267 1050 3338 βυυ·

43 3340 136 3394 λευτῶν
162 3357 185 3394 ο.
206 3338 350 3408 Kiessling
382 3332 487 3405 ἐτέρου
515 3333 674 3407 βουλευτῶν
701 3351 724 3388 ο.
749 3331 851 3389 Garrer
874 3333 938 3390 obs.
967 3355 995 3406 p.
1016 3344 1048 3393 ’λι

45 3415 71 3462 15
88 3407 147 3464 κατ’
168 3411 224 3466 del.
248 3409 392 3478 Kiessling
470 3412 503 3461 16
529 3405 621 3474 κομᾶν
639 3407 664 3458 A
687 3400 826 3490 ἱνόμανΒ
855 3409 859 3468 1
891 3408 980 3462 verba
998 3405 1049 3480 χρὴ

44 3510 68 3518 -
82 3483 245 3552 βαρυτονεῖν
264 3481 318 3535 del.
339 3479 440 3534 Ροιδοε
513 3482 547 3530 22
565 3479 716 3545 προελδαν
734 3493 757 3530 ο.
777 3476 916 3531 Βδολιεδοε
