2408 3928
142 207 208 273 208
567 210 732 265 -B-

142 365 226 437 κατὰ
262 366 341 449 τοὺς
378 366 502 457 ἀγροὺς
537 370 594 437 καὶ
629 369 712 457 πρὶν
755 367 930 438 ἀνατεῖλαι
966 365 1024 437 τὸν
1058 365 1139 455 ἥλιον
1196 420 1197 457 χ

143 472 263 562 μεταξὺ
287 479 347 544 τοῦ
369 501 404 544 τε
428 480 599 565 Κυρινίου
621 477 676 544 καλ
699 479 761 544 τοῦ
780 453 1000 544 Καπιτωλίου
1021 479 1139 561 τίθησιν

143 584 244 674 ἐντῷ
263 586 366 674 πεδίφ
385 581 446 652 τὸν
465 582 602 673 χάρακα.
636 580 728 670 ὁρῶν
748 582 786 650 δέ
800 580 950 669 ἀσφαλεῖ
964 580 1071 650 πάντα
1087 603 1176 668 φνεα

143 693 227 779 λακῇ
248 689 452 777 κατεχόμενα
475 687 558 778 πρὸς
580 693 648 758 τόν
671 693 855 777 πολεμίων,
877 693 977 776 σφίσι
999 686 1037 756 δὲ
1057 686 1142 757 οὐδέν

102 841 115 880 5
143 802 268 882 χωρίον
296 793 561 882 ἀπολειπόμενον
590 793 716 885 όχνρδν
750 799 797 875 είς
827 793 959 882 πολλὴν
987 797 1143 865 ἐνέπιπτεν

143 898 288 988 ἀπορίαν
316 899 377 970 οάκ
406 907 490 989 ἔχων
520 900 540 971 ό
562 930 594 970 τι
621 902 779 990 χρήσεται
807 906 847 991 τῇ
878 906 978 992 τριβῇ
1000 905 1061 971 τοῦ
1082 901 1145 988 χρό-

108 1009 216 1074 2νου.
263 1005 492 1094 ἀμηχανοῦντι
518 1007 555 1076 δέ
583 1006 674 1100 αὐτῇ
697 1009 888 1099 παράδοξος
912 1007 1049 1096 εὐτυχία
1071 1012 1145 1095 γίνε-

142 1139 196 1181 ται
228 1116 483 1204 παραδοθέντος
514 1118 575 1184 τοῦ
608 1120 789 1203 κρατίστου
825 1120 893 1184 τῶν
931 1113 1146 1204 ὀχυρωμάτων

142 1219 224 1288 κατά
252 1220 389 1294 τοιάνδε
415 1219 492 1291 τινά
521 1229 716 1310 συντυχίαν.
762 1221 984 1309 παρεξιόντας
1011 1221 1075 1311 γάρ
1097 1220 1147 1309 τὴν

103 1355 129 1394 10
144 1327 237 1414 βίζαν
266 1331 327 1397 τοῦ
354 1334 572 1397 Καπιτωλίου
598 1327 678 1409 τοὺς
701 1335 875 1416 Σαβίνους
903 1334 951 1408 εἰς
974 1331 1147 1414 ἐπίσκεψιν,

143 1441 177 1500 εί
194 1460 225 1501 τι
250 1435 350 1522 μέρος
373 1432 528 1522 εὑρεθείη
551 1440 612 1504 τοῦ
635 1435 747 1524 λόφον
770 1439 876 1524 κλοπῇ
900 1440 1080 1523 ληφθῇναι
1102 1439 1148 1503 δν-

142 1537 246 1609 νατὸν
275 1535 295 1627 ῇ
323 1547 396 1631 βία,
423 1545 596 1629 παρθένος
623 1570 673 1623 τις
700 1540 765 1610 ἀπό
795 1546 856 1611 τοῦ
886 1541 1059 1631 μετεώρου
1086 1569 1147 1610 και-

143 1646 274 1714 εσκόπει
300 1646 455 1734 θυγάτηρ
482 1646 607 1735 ἀνδρὸς
630 1650 831 1735 ἐπιφανοῦς,
863 1639 890 1740 ηδ
918 1646 1147 1737 προσέκειτόῇ

104 1755 204 1821 δτοῦ
230 1758 357 1839 χωρίου
386 1754 534 1840 φυλακῇ,
563 1754 710 1841 Τάρπεια
739 1753 861 1841 ὄνομα·
888 1754 944 1821 καλ
968 1752 1092 1842 αὐτὴν,
1114 1751 1148 1833 ὡς
1197 1757 1198 1800 ³

103 1884 129 1925 15
144 1857 205 1945 μὲν
223 1859 351 1946 Φάβιός
368 1886 404 1928 τε
422 1862 477 1929 καὶ
491 1867 631 1947 Κίγκιος
649 1860 853 1949 γράφουσιν,
874 1865 958 1951 ἔρως
977 1864 1149 1950 εἰσέρχεται
1197 1877 1198 1944 η

142 1968 210 2034 τῶν
225 1964 415 2052 ψελλίων,ἀ
429 1969 505 2054 περὶ
518 1982 588 2047 τοϊς
602 1965 791 2056 ἀριστεροῖς
802 1972 981 2056 βραχίοσιν
997 1967 1148 2056 έφόρουν,
1197 2011 1198 2048 η

141 2074 197 2141 καὶ
219 2076 288 2140 τῶν
313 2077 514 2142 δακτυλίων·
537 2073 748 2162 χρυσοφόροι
767 2072 833 2162 γάρ
851 2065 939 2161 ἦσαν
960 2077 997 2143 οί
1013 2081 1149 2162 Σαβῖνοι

141 2179 215 2248 τότε
246 2181 302 2248 καὶ
334 2184 520 2268 Τυρρηνῶν
553 2179 614 2268 οὐχ
646 2172 748 2267 ἦττον
781 2178 1008 2270 ἁβροδίαιτοι·
1046 2180 1090 2262 τός
1120 2180 1150 2248 δέ

142 2291 279 2354 Πείσων
302 2285 446 2365 Λεύκιος
471 2283 489 2354 ό
513 2285 683 2373 τιμητικὸς
711 2289 851 2374 ίστορεῖ,
879 2291 987 2356 καλοῦ
1010 2287 1148 2375 πράγμα-

102 2417 128 2458 ω
141 2420 197 2474 τος
220 2396 383 2480 έπιθνμία
396 2390 548 2479 γυμνοὺς
566 2396 634 2461 τῶν
652 2399 904 2480 σκεπαστηρίων
920 2391 1037 2462 ὅπλων
1051 2413 1185 2482 παρα-ιιι

143 2504 264 2570 δοῦναι
293 2513 364 2579 τοῖς
393 2503 543 2578 πολίταις
573 2497 652 2578 τοὺς
680 2505 870 2587 πολεμίους.
922 2497 1087 2591 ὁπότερον
1117 2499 1149 2568 δὲ

141 2606 271 2675 τούτων
290 2603 519 2694 ἀληθέστερόν
543 2605 633 2672 έστιν
654 2607 689 2672 έκ
706 2610 775 2674 τῶν
794 2604 939 2694 ὕστερον
964 2611 1149 2697 γενομένων

100 2712 123 2775 4
143 2716 268 2794 ἔξεστιν
292 2711 441 2793 είκάξειν.
486 2713 643 2799 πέμψασα
667 2709 699 2778 δ’
721 2703 784 2781 οὖν
807 2716 877 2780 τάν
900 2719 1148 2800 θεραπαινίδων

142 2816 217 2888 τινά
251 2817 307 2886 διὰ
338 2822 494 2904 πυλίδος,
530 2815 574 2906 ἣν
607 2817 719 2898 οὐδεὶς
752 2825 880 2906 ἔμαθεν
917 2818 1148 2909 ἀνοιγομένην,

100 2950 127 2992 ιε
141 2925 238 3015 ἠξίου
269 2924 329 2994 τὸν
361 2927 500 3012 βασιλέα
528 2929 597 2994 τῶν
625 2930 787 3014 Σαβίνων
819 2928 934 2995 έλθείν
965 2924 1051 3017 αὑτῇ
1082 2931 1148 3013 δίχα

141 3039 209 3104 τῶν
237 3032 349 3102 ἀλλων
377 3039 424 3113 είς
452 3031 589 3119 λόγους,
620 3029 665 3112 ὡς
693 3034 808 3124 έκείνφ
838 3035 1058 3121 διαλεξομένη
1081 3034 1147 3120 περὶ

141 3142 333 3230 πράγματος
368 3139 555 3226 ἀναγκαίου
590 3141 645 3207 καὶ
680 3139 836 3227 μεγάλου.
896 3141 1082 3228 δεξαμένου
1116 3140 1146 3206 δὲ

214 3345 229 3393 5
252 3333 407 3391 ἀνέπιπτεν
431 3336 456 3388 Α
538 3329 741 3402 Ὶπαραδόξως
764 3335 787 3388 Β
871 3340 904 3388 12
924 3335 974 3390 τοῦ
1002 3335 1025 3388 Β
1054 3337 1147 3392 οωλλ

143 3415 176 3462 16
195 3410 306 3477 ψαλίων
325 3407 401 3461 ΑΒε
427 3406 549 3472 ψελλίων
566 3405 612 3458 Bb
686 3411 719 3459 1⁷
738 3405 938 3460 δακτυλίωνΒ
966 3403 1147 3468 δακτάλωνῖδ

145 3483 177 3530 19
197 3480 285 3532 πίστιν
304 3477 350 3532 Ba
422 3481 456 3530 26
476 3473 660 3546 διαλεξομένη
679 3476 808 3530 nonnulli
825 3476 957 3546 legerunt
