2404 3918
478 206 644 258 -Γ..

44 361 290 448 ἐξενεγκαμένη
318 361 551 449 συνελθούσης
579 364 613 446 έξ
643 360 783 432 ἀπασῶν
805 367 875 433 τῶν
902 369 1068 452 Τυρρηνί-

2 471 127 536 33δων
150 467 283 536 πόλεων
306 467 452 556 μεγάλης
474 481 545 550 τοῖς
564 467 782 552 Οὐιεντανοῖς
805 471 998 559 ἐπικουρίας
1020 475 1068 551 είς

44 572 163 661 μάχην
184 579 374 644 καταστᾶσα
395 580 496 663 νίκην
521 573 756 665 ἀναμφίλογον
779 575 979 667 ἀναιρεῖται·
1011 579 1066 645 καὶ

46 678 134 768 μετὰ
155 685 256 751 τοῦτο
276 683 447 764 διεξιοῦσα
463 682 528 771 τὴν
546 682 662 773 χῶραν
679 687 748 753 τῶν
765 689 936 772 πολεμίων
959 681 1067 765 ἀδεῶς

46 787 193 875 ἐπόρθει
215 789 381 877 γενομένη
403 817 439 859 τε
460 793 597 860 πολλῶν
619 790 682 878 μὲν
708 791 873 880 σωμάτων
896 791 1093 881 έγκρατῄς,ε

46 899 188 964 πολλῶν
211 895 249 964 δὲ
270 895 448 984 χρημάτων
468 891 523 965 οία
542 898 576 980 έξ
594 895 797 986 εὐδαίμονος
814 898 933 988 χῶρας,
956 908 1066 970 τελεο-

48 1005 176 1084 τῶντος
198 1002 265 1091 ἤδη
287 1005 349 1074 τοῦ
371 1005 498 1093 θέρους
521 1009 637 1074 οίκαδε
659 1003 767 1096 ἀπῄει.

140 1112 259 1180 LVIII.
283 1108 484 1182 Οὐιεντανοὶ
502 1111 565 1199 μὲν
589 1104 653 1181 οὖν
676 1115 710 1194 ἐξ
733 1114 862 1200 ἐκείνης
879 1115 939 1200 τῆς
961 1111 1067 1200 μάχης

52 1216 202 1305 μεγάλως
223 1219 434 1300 κακωθέντες
457 1216 569 1289 οὐκέτι
591 1218 762 1310 προῄεσαν
786 1221 822 1288 έκ
846 1223 906 1307 τῆς
928 1219 1066 1306 πόλεως,

55 1321 125 1393 ἀλλ’
143 1323 320 1413 ἠνείχοντο
339 1327 539 1416 κειρομένην
556 1324 621 1415 τὴν
638 1326 752 1416 χῶραν
776 1324 930 1414 δρῶντες.
971 1331 1066 1414 βασι-
1081 1350 1107 1391 ιο

53 1429 129 1513 λεδς
156 1432 194 1513 δὲ
221 1431 410 1519 Ταρκύνιος
435 1433 547 1522 τρισὶν
575 1438 745 1521 εἰσβολαῖς
773 1432 984 1522 χρησάμενος
1011 1433 1066 1502 καλ

48 1544 160 1626 τριετῆ
183 1539 311 1628 χρόνον
335 1538 564 1630 ἀποστερήσας
585 1539 665 1622 τοὺς
687 1538 917 1622 Οὐιεντανοὺς
937 1544 1007 1610 τῶν
1031 1542 1067 1609 έκ

46 1649 108 1733 τῆς
131 1648 292 1736 σφετέρας
314 1652 375 1735 γῆς
398 1649 616 1737 ἐπικαρπιῶν,
639 1645 686 1728 ῶς
704 1653 832 1736 ἔρημον
849 1651 985 1736 ἐποίησε
1003 1646 1067 1737 τὴν

47 1757 210 1841 πλείστην
228 1755 284 1822 καὶ
305 1750 377 1838 [ῶς]
398 1751 501 1823 οὐδὲν
520 1758 569 1823 ἔτι
587 1753 748 1841 βλάπτειν
767 1752 873 1842 αὐτὴν
893 1752 994 1842 εἶχεν,
1012 1756 1066 1824 ἐπὶ

46 1858 111 1947 τὴν
131 1864 357 1946 Καιρητανῶν
380 1859 481 1929 πόλιν
504 1851 564 1948 ἦγε
587 1858 651 1948 τὴν
672 1858 832 1949 δύναμιν,
854 1857 876 1948 ἢ
898 1861 1065 1950 πρότερον
1080 1882 1105 1924 ιι

47 1966 112 2053 μέν
125 1965 275 2053 ’Ἄγυλλα
298 1969 445 2035 ἐκαλεῖτο
465 1969 653 2058 Πελασγῶν
676 1965 782 2054 αὐτὴν
804 1967 1066 2054 κατοικούντων,

46 2071 115 2142 ὑπὸ
146 2073 184 2142 δέ
216 2081 405 2164 Τυρρηνοῖς
431 2075 597 2162 γενομένη
626 2079 781 2163 Καίρητα
808 2073 1066 2163 μετωνομάσθη,

0 2179 227 2269 64εὐδαίμων
251 2178 283 2249 δ’
303 2173 348 2269 ἦν
366 2185 399 2250 εί
418 2186 479 2250 καί
492 2207 543 2262 τις
560 2179 645 2269 ἀλλη
663 2184 733 2250 τῶν
755 2182 793 2249 έν
816 2186 990 2273 Τυρρηνία
1006 2181 1066 2251 πό-

45 2297 136 2358 λεων
159 2288 216 2356 καὶ
238 2287 523 2378 πολυάνθρωπος·
546 2291 579 2370 ἐξ
601 2280 643 2375 ἧς
661 2285 798 2373 στρατιά
816 2287 944 2375 μεγάλη
963 2295 1106 2376 μάχη-2

46 2397 177 2484 σομένη
199 2396 275 2484 περὶ
297 2400 357 2484 τῆς
378 2395 489 2485 χῶρας
512 2396 633 2483 έξῆλθε
659 2396 716 2463 καὶ
738 2393 885 2475 πολλοὺς
907 2394 969 2483 μέν
993 2399 1065 2463 δια-
1080 2418 1106 2459 το

46 2508 224 2591 φθείρασα
249 2506 319 2572 τῶν
346 2507 530 2590 πολεμίων,
553 2505 666 2596 πολλῶ
695 2499 727 2570 δ’
753 2507 802 2571 ἔτι
827 2507 964 2582 πλείους
986 2498 1066 2571 ἀπο-

46 2613 202 2696 βαλοῦσα
223 2613 292 2678 τῶν
315 2609 499 2698 σφετέρων,
522 2613 570 2689 είς
591 2607 654 2697 τὴν
672 2609 773 2678 πόλιν
793 2609 968 2696 κατέφυγε.
1008 2612 1067 2696 τῆς

46 2717 86 2786 δέ
124 2715 235 2805 χῶρας
271 2714 385 2786 αὐτῶν
428 2719 463 2784 οί
492 2713 649 2804 Ῥωμαῖοι
686 2719 888 2804 κρατοῦντες
925 2714 1067 2803 ἄφθονα

45 2823 159 2894 πάντα
194 2823 424 2912 παρεχομένης
460 2820 586 2911 συχνάς
623 2823 800 2908 διέτριψαν
837 2819 979 2911 ἡμέρας,
1010 2824 1066 2890 καὶ

46 2928 165 3019 ἐπειδὴ
182 2929 299 3020 καιρὸς
315 2926 491 3019 ἀπάρσεως
508 2921 565 3016 ἦν,
584 2927 725 3015 ἄγοντες
742 2926 824 3011 ὅσας
840 2924 912 2999 οἷοί
925 2957 961 2999 τε
977 2921 1065 3018 ἦσαν
1079 2959 1105 3000 2⁵

46 3036 214 3126 ῶφελείας
244 3034 395 3128 ἀπῄεσαν
428 3031 478 3105 ἐπ’
507 3044 612 3105 οίκου.
671 3035 860 3125 Ταρκύνιος
893 3035 925 3104 δ’
951 3035 1105 3124 έπειδὴ3
1132 3065 1134 3068 ’

122 3205 138 3254 3
158 3183 355 3288 ἀναμφίλογον
373 3199 395 3252 Β
418 3191 497 3267 ἀναμ

48 3273 122 3342 μίαν
141 3269 164 3324 Β
182 3273 295 3325 πολεων
312 3270 339 3324 A
412 3274 444 3323 10
459 3217 688 3341 (ἡξνείχοντοΒ
708 3263 857 3337 ἀνείχοντο
875 3269 900 3323 R
975 3273 1009 3323 14
1028 3263 1066 3331 ῶς

49 3359 104 3398 om.
120 3342 143 3396 B
160 3343 165 3410 Ι
180 3335 272 3411 αάτὴν
286 3336 421 3413 βλάπτειν
440 3337 481 3396 ἔτι
499 3339 525 3393 Α
590 3345 624 3395 15
638 3339 829 3408 καιρι·τακῶν
843 3339 866 3394 Β
930 3344 963 3395 16
982 3334 1065 3409 ἀγυλ·

49 3409 101 3477 λάς
118 3413 173 3467 ΑΒ
238 3419 271 3467 17
289 3410 446 3481 καίριταΒ
509 3417 544 3468 20
562 3411 639 3482 περὶ]
659 3407 732 3480 ὑπὲρ
747 3410 870 3466 Ριοαδλετ
883 3409 973 3466 Τίτου.
988 3427 1015 3480 p.
1030 3416 1063 3464 31

49 3490 82 3540 21
103 3484 196 3559 πολλῷ
215 3482 248 3540 δέ
266 3486 382 3546 πλείους
399 3483 422 3538 Β
494 3489 528 3539 26
547 3477 629 3555 ὅσας]
649 3476 685 3545 ἃς
702 3483 726 3537 Β
797 3488 832 3538 26
852 3477 951 3552 ἐπειδὴ
971 3480 1023 3536 AB

523 3197 618 3272 ίβολον
636 3198 661 3252 R
677 3199 681 3266 Ι
697 3195 833 3266 *αἴρεται
852 3197 875 3252 Ο
947 3203 965 3252 4
982 3201 1066 3252 πολε·
