2412 3912
475 244 640 296 -A-
793 281 799 301 ·
1024 239 1067 304 37

70 429 145 488 μενα.
178 408 210 470 εί
231 405 272 472 δέ
292 430 324 471 τι
340 401 503 489 διαφύγοι
525 400 586 472 τὸν
600 405 637 470 ἐκ
658 407 727 471 τῶν
751 399 888 471 ἀόίνων
902 407 1068 472 κίνδυνον

71 515 197 596 ἔμπηρον
227 505 248 597 ἢ
280 508 395 589 ἀτελὲς
421 506 442 596 ἢ
471 506 517 577 δι’
543 507 651 597 ἀλλην
678 508 755 578 τινά
777 508 883 597 τύχην
910 508 1067 596 βλαφθὲν

69 617 231 703 τρέφεσθαι
256 614 404 704 χρηστὸν
427 615 488 686 οόκ
511 608 570 704 ἦν·
601 622 712 686 ἔπειτα
740 615 856 685 καὶτὸ
881 615 964 685 ἀλλο
987 619 1068 703 πλῆ-

69 731 120 802 θος
138 720 172 791 τό
196 725 233 791 έν
263 721 351 812 ἀκμῇ
380 723 524 811 μάλιστα
553 726 713 792 ἐκακοῦτο
742 724 858 803 νόσοις
881 723 936 790 καὶ
959 722 1067 790 θανά-

69 854 125 908 τοις
147 827 234 916 παρά
262 827 303 897 τά
327 829 439 898 εἰκότα
467 843 614 917 συχνοῖς.
660 830 923 917 μαντευομένοις
951 827 983 895 δ’
1009 797 1109 925 aoe'yff

69 949 124 1014 τοῖς
149 941 223 1003 τίνοι
255 939 350 1004 θεῶν
383 932 613 1023 ἢόαιμόνωυ
645 935 856 1024 παραβάντες
890 935 970 1003 τάόε
1006 934 1068 1002 πά-
1117 928 1119 936 ’

72 1059 166 1126 σχουσι
188 1043 244 1110 καί
258 1048 294 1111 τί
313 1041 496 1128 ποιήσασιν
516 1040 632 1122 αὐτοῖς
654 1046 810 1130 λωφῆσαι
834 1040 874 1110 τά
899 1040 994 1110 όεινά
1018 1043 1034 1110 έ
1054 1085 1068 1094 -

71 1153 123 1233 τίς,
146 1146 163 1216 ὁ
185 1147 270 1228 θεὸς
298 1147 432 1218 ἀνεῖλεν
457 1146 509 1217 ότι
538 1148 697 1236 τυχόντες
727 1141 776 1217 ἀν
800 1147 982 1236 ἐβούλοντο
1007 1146 1069 1216 οὐκ

68 1251 217 1324 ἀπέδοσαν
251 1250 273 1322 ἀ
302 1253 463 1340 εὔξαντο,
495 1251 580 1322 ἀλλά
611 1260 878 1342 προσοφείλουσι
908 1253 949 1324 τά
978 1261 1067 1323 πλεί-

65 1378 132 1428 στου
153 1359 238 1442 ἀξια.
281 1365 317 1430 οί
337 1360 403 1450 γάρ
427 1362 599 1447 Πελασγοὶ
622 1359 767 1450 ἀφορίας
795 1360 910 1442 αὐτοῖς
932 1329 1109 1457 γενομέ-,ῗ

62 1493 113 1552 νης
133 1470 167 1536 έν
191 1472 230 1558 τῇ
260 1473 302 1557 γῇ
333 1467 470 1536 πάντων
498 1467 678 1556 χρημάτων
708 1466 847 1550 εὔξαντο
873 1473 920 1560 τῷ
948 1496 983 1537 τε
1007 1469 1067 1537 Διὶ

60 1575 106 1641 καὶ
125 1580 168 1667 τῷ
189 1573 376 1644 Ἀπόλλωνι
399 1576 455 1643 καὶ
485 1588 557 1654 τοϊς
578 1579 762 1662 Καβείροις
784 1575 991 1644 καταθύσειν
1015 1579 1068 1644 ἀε-

21 1698 45 1745 εε
60 1679 147 1762 τίτας
176 1687 247 1751 τάν
280 1683 608 1769 προσγενησομένων
642 1679 823 1770 ἁπάντων,
854 1688 1069 1769 τελεσθείσης

60 1786 91 1854 όὲ
110 1792 165 1875 τῆς
192 1787 294 1875 εὐχῆς
323 1788 514 1877 ἐξελόμενοι
541 1794 681 1877 καρπῶν
703 1816 739 1858 τε
766 1793 821 1857 καὶ
844 1789 1067 1877 βοσκημάτων

58 1889 206 1963 ἀπόντων
230 1892 268 1962 τὸ
293 1895 395 1982 λάχος
417 1893 596 1964 ἀπέθυσαν
623 1909 693 1974 τοῖς
715 1904 825 1980 θεοῖς,
850 1894 895 1977 ὡς
918 1895 960 1984 δὴ
983 1893 1065 1964 κατὰ
1080 1913 1107 1954 1⁵

57 1999 175 2069 τοότων
198 1999 317 2089 μόνων
341 1999 527 2088 εὐξάμενοι.
559 2005 663 2069 ταῦτα
687 1999 729 2089 δὴ
756 2008 934 2092 Μυρσίλος
962 2001 980 2072 ό
1005 2005 1067 2070 Λέ-

57 2110 142 2190 σβιος
165 2106 343 2193 ἱστόρηκεν
367 2106 486 2194 όλίγου
502 2112 575 2176 δεῖν
593 2123 665 2188 τοῖς
688 2107 802 2190 αὐτοῖς
820 2107 965 2197 ὀνόμασι
988 2107 1067 2197 γρά-

57 2237 122 2296 φων
151 2209 203 2292 οἷς
236 2211 301 2299 ἐγὼ
329 2217 411 2299 νῦν,
443 2212 531 2300 πλὴν
561 2212 644 2282 ὅσον
678 2213 719 2283 οὐ
747 2214 944 2302 Πελασγοὺς
974 2223 1070 2282 καλεῖ

55 2317 125 2400 τοὺς
146 2318 366 2408 ἀνθρώπους,
390 2318 475 2389 ἀλλά
493 2321 704 2408 Τυρρηνούς·
726 2319 842 2408 τὴνδ’
868 2326 978 2390 αίτίαυ
998 2319 1066 2388 όλί

55 2452 108 2509 γον
131 2424 279 2515 ὕστερον
303 2429 378 2515 ἐρῶ.
1079 2445 1107 2485 ²⁰

129 2535 271 2602 XXHII.
291 2532 406 2622 Ὡςῗθὲ
425 2532 655 2623 ἀπενεχθέντα
665 2534 734 2605 ,τόν
753 2532 904 2624 χρησμὸν
925 2539 1067 2621 ἔμαθον,

56 2639 107 2708 οὐκ
138 2640 235 2729 εἶχον
267 2641 308 2709 τὰ
341 2641 505 2729 λεγόμενα
543 2648 736 2730 συμβαλεῖν.
782 2641 991 2730 ἀμηχανοῦσι
1030 2639 1067 2708 δὲ

19 2746 160 2830 θαότοίς
183 2752 253 2817 τῶν
277 2751 481 2836 γεραιτέρων
495 2777 545 2828 τις
568 2751 656 2835 λέγει
671 2746 852 2836 συμβαλὼν
876 2745 913 2817 τό
937 2747 1067 2835 λόγιον,
1094 2833 1097 2839 Ι

56 2851 98 2922 ότι
126 2859 190 2924 τοῦ
220 2852 348 2934 παντὸς
378 2852 626 2943 ἡμαρτήκασιν,
656 2859 688 2922 εί
710 2863 840 2923 οίονται
862 2853 940 2934 τοὺς
963 2853 1067 2934 θεοὺς

55 2957 170 3042 ἀόίκως
201 2960 318 3041 αὐτοῖς
349 2963 511 3047 ἐγκαλεῖν.
557 2960 736 3050 χρημάτων
767 2960 829 3048 μὲν
852 2959 916 3047 γὰρ
946 2960 1066 3030 ἀποόε-
1080 2979 1106 3021 ²⁵

55 3067 172 3136 όόσθαι
196 3065 257 3148 τάς
279 3065 430 3155 ἀπαρχὰς
454 3065 568 3147 αὐτοῖς
590 3065 720 3146 ἀπάσας
735 3066 848 3155 ὀρθῶς
870 3094 905 3136 τε
927 3070 983 3136 καὶ
1002 3067 1066 3137 σὺν

55 3175 137 3263 όίκη,
169 3173 368 3261 ἀνθρώπων
400 3173 437 3240 δὲ
460 3176 564 3260 γονῆς
591 3171 629 3241 τὸ
659 3172 775 3260 λάχος,
805 3178 914 3262 χρῆμα
942 3173 1066 3256 παντὸς

117 3436 303 3511 6όαιμόνων
336 3441 434 3495 δίκαια
466 3441 513 3496 vel
545 3434 609 3495 όσια
641 3440 687 3495 vel
714 3423 821 3510 νόμιμα
854 3455 876 3492 c.
906 3438 1064 3506 Stephanus
1168 3453 1172 3458 “

12 3535 13 3592 η
56 3515 83 3562 16
101 3507 190 3579 μόνον
219 3513 245 3566 Α
266 3511 270 3582 Ι
291 3507 327 3580 δὴ
347 3513 369 3566 Β
389 3509 421 3567 δὲ
441 3515 466 3566 Α
528 3519 559 3566 17
580 3506 765 3580 όνόμοισινΑ
820 3513 855 3560 24
873 3507 1064 3578 οίοντ<αι>Β
