2404 3918
482 211 647 264 -Γ·-
1006 209 1070 275 377

22 375 26 380 ’
48 379 152 458 θημα
169 375 229 457 τῆς
247 369 384 457 έφόδου.
418 374 487 438 τῶν
507 367 539 437 δ’
560 372 598 439 έν
616 383 686 451 τοῖς
704 369 822 463 χάραξι
839 373 1070 459 καταληφθέυ-
1089 377 1112 441 4

46 504 124 554 τιον
154 481 190 546 os
217 477 279 565 μὲν
310 475 372 547 ὑπὸ
395 481 464 548 τῶν
486 475 661 566 Ῥωμαίων
686 476 870 566 μαχόμενοι
892 479 1073 566 κατεκόπη-

48 605 137 671 σαν,
162 587 198 653 οἱ
218 583 250 652 δ’
276 589 324 666 είς
346 583 408 672 τήν
432 583 606 673 συμβολήν
632 593 702 653 τῶν
729 588 891 674 ποταμών
914 587 1072 674 ῥίψαντες

49 690 198 772 ἑαυτοὺς
235 690 277 761 οά
319 693 527 780 δυνηθέντες
567 689 838 781 ὑπερενεχθῆναι
880 689 939 773 τὰς
976 696 1072 774 δίνας

48 798 308 888 κατεπόθησαν·
338 798 473 889 έφθάρη
498 801 539 869 δέ
556 825 607 880 τις
630 788 743 868 αότών
766 812 868 888 μοίρα
891 795 953 868 οὐκ
975 796 1098 887 όλίγηι

49 905 217 976 καὶκατὰ
243 905 306 994 τήν
333 906 499 995 βοήθειαν
526 909 586 993 τῆς
612 908 762 996 γεφύρας
783 903 849 976 ὑπὸ
872 909 936 974 τοῦ
957 905 1072 994 πυρός.

51 1011 171 1101 λαβών
199 1013 238 1082 δὲ
266 1011 285 1082 ὁ
313 1013 499 1103 Ταρκύνιος
526 1011 701 1102 ἀμφότερα
726 1011 767 1083 τὰ
798 1011 1004 1100 στρατόπεδα
1031 1009 1072 1081 τά

54 1122 119 1210 μὲν
148 1123 186 1190 έν
213 1118 328 1201 αὐτοίς
354 1121 614 1207 καταληφθέντα
639 1118 791 1209 χρήματα
819 1133 891 1202 τοῖς
914 1118 1071 1207 στρατιώ-

55 1255 128 1310 ταις
164 1229 322 1315 έττέτρεφε
359 1231 615 1315 διανείμασθαι,
651 1225 730 1308 τοὺς
768 1226 806 1296 δὲ
842 1225 1073 1315 αἰχμαλώτους

60 1334 203 1416 πολλοὺς
230 1334 323 1404 πάνυ
350 1332 450 1414 ὄντας
471 1338 635 1421 Σαβίνων
661 1360 697 1404 τε
726 1330 839 1403 αὐτῶν
861 1333 918 1402 καὶ
945 1341 1071 1423 Τνρρη·
1086 1359 1112 1402 ιο

61 1445 131 1512 νών
153 1445 202 1522 είς
220 1439 352 1530 Ῥώμην
375 1439 512 1528 άγαγών
536 1439 593 1509 διά
615 1441 741 1527 πολλῆς
763 1438 830 1528 εἶχε
853 1445 1013 1528 φυλακῆς.

145 1550 247 1617 LVII.
280 1553 427 1635 Σαβῖνοι
449 1547 512 1637 μὲν
535 1540 600 1616 οὖν
625 1546 902 1636 ἐγνωσιμάχησαν
924 1545 990 1617 ὑπὸ
1013 1552 1073 1636 τῆς

54 1654 131 1724 τότε
159 1658 335 1743 συμφοράς
367 1655 565 1741 βιασθέντες
596 1653 652 1721 καὶ
685 1652 891 1741 πρεσβευτάς
921 1652 1072 1740 ἀποστεί-

58 1772 179 1843 λαντες
191 1759 316 1849 άνοχάς
329 1759 530 1848 ἐποιήσαντο
548 1764 610 1829 τοῦ
627 1761 777 1847 πολέμου
792 1760 968 1847 [σπονδάς]
984 1764 1071 1845 ἑξαε-

5 1896 52 1945 61
61 1881 142 1955 τεῑς,
170 1867 339 1956 Τυρρηνοὶ
363 1866 401 1935 δὲ
424 1865 508 1956 ὀργῆ
527 1868 687 1954 φέροντες
710 1863 760 1934 ὅτι
783 1864 925 1954 ῆττηντό
947 1896 983 1938 τε
1005 1867 1070 1938 ὑπὸ
1086 1901 1112 1942 ιε

50 1975 226 2064 Ῥωμαίων
253 1973 414 2054 πολλάκις
439 1974 495 2042 καὶ
523 1971 575 2042 ότι
602 1973 682 2054 τοὺς
705 1972 935 2062 αἰχμαλώτους
958 1973 1073 2058 αὐτοῖς

55 2084 73 2156 ὁ
104 2083 292 2174 Ταρκύνιος
321 2080 382 2152 οὐκ
405 2081 570 2151 ἀπεδίδου
596 2083 912 2169 πρεσβευσαμένοις,
935 2079 1008 2150 ἀλλ’
1034 2084 1073 2152 έν

54 2189 197 2282 ὁμήρων
218 2202 346 2278 κατεῖχε
368 2188 475 2281 λόγφ,
498 2189 657 2277 ψήφισμα
684 2193 861 2258 ποιοῦνται
883 2188 992 2270 πάσας
1013 2188 1073 2270 τὰς

54 2302 126 2369 τών
154 2301 339 2387 Τυρρηνῶν
365 2296 480 2376 πόλεις
505 2299 604 2385 κοινῆ
630 2294 691 2364 τὸν
718 2292 801 2364 κατὰ
819 2295 990 2381 Ῥωμαίων
1013 2296 1071 2365 τιό-

54 2413 163 2493 λεμον
185 2405 354 2492 ἐκφέρειν,
376 2400 440 2490 τῆν
462 2402 501 2471 δὲ
524 2401 569 2489 μή
590 2403 796 2489 μετέχουσαν
818 2406 877 2490 τῆς
900 2407 1072 2491 στρατείας
1085 2433 1113 2474 ιο

56 2514 248 2582 ἔκσπονδον
283 2508 381 2579 εἶναι.
434 2507 527 2578 ταῦτ’
562 2507 828 2597 ἐπικυρώσαντες
864 2511 983 2596 ἐξῆγον
1014 2508 1112 2590 τάς2

57 2618 221 2706 δυνάμεις
246 2617 303 2686 καλ
332 2616 509 2706 διαβάντες
534 2614 595 2686 τὸν
622 2619 762 2705 Τέβεριν
789 2615 896 2704 άγχοῠ
921 2615 1074 2704 Φιδήνης

56 2732 211 2798 τίθενται
237 2723 280 2794 τὰ
307 2721 402 2794 ὅπλα.
447 2721 626 2811 γευόμενοι
655 2721 692 2791 δὲ
721 2727 780 2808 τῆς
802 2723 931 2802 πόλεως
952 2722 1074 2810 ταύτης

59 2837 228 2923 ἐγκρατεῖς
246 2830 302 2901 διά
325 2834 509 2920 προδοσίας
532 2830 788 2898 στασιασάντων
806 2828 891 2918 πρὸς
909 2827 1074 2916 ἀλλήλους

57 2945 127 3012 τών
155 2943 192 3010 ἐν
222 2938 306 3029 αὐτῆ
332 2941 390 3008 καὶ
417 2935 527 3007 πολλά
552 2937 614 3025 μὲν
637 2935 773 3023 σώματα
795 2935 971 3023 λαβόντες,
994 2944 1073 3006 πολ·
1087 2964 1113 3007 τε

132 3141 148 3190 5
167 3134 316 3207 διεφθάρη
335 3152 358 3190 ο.
373 3135 463 3191 cobet
476 3133 542 3190 obs.
559 3151 586 3204 p.
603 3139 636 3187 '11
712 3138 744 3187 12
762 3126 822 3187 άπὸ
841 3131 863 3187 O
884 3149 955 3188 corr.
973 3131 1074 3202 Pflugk

62 3216 93 3264 13
114 3211 142 3282 βι
165 3205 285 3270 σθένεις
304 3207 358 3262 del.
378 3205 541 3262 cobet1.1.
615 3209 650 3259 14
667 3203 734 3274 post
751 3198 859 3273 άνοχάς
880 3203 944 3257 αδδ.
970 3202 1074 3258 Reinko

62 3279 125 3350 αίτη
160 3278 275 3350 μένους,
299 3273 425 3340 σπονδάς
447 3277 502 3332 del.
526 3275 682 3346 Kiessling,
708 3272 797 3330 Cobet
820 3275 892 3332 Οἴει·
909 3293 937 3345 p.
956 3279 991 3329 ⁷1
1014 3291 1073 3344 seq.

62 3352 110 3406 καὶ
128 3346 253 3412 σπονδάς
271 3351 374 3406 Portus
447 3353 481 3404 15
501 3342 586 3474 607ng
605 3339 645 3402 δι’
661 3343 747 3416 ὀργῆς
765 3363 788 3401 ο.
804 3344 968 3416 Kiesslingl
985 3339 1033 3402 ὅτε
1048 3347 1075 3400 Α

63 3429 95 3478 19
113 3423 170 3477 τών
189 3419 281 3478 om.B
353 3422 553 3491 συστρατείας
586 3417 877 3490 γίοοτμστρατιάςΟ
950 3423 986 3472 24
1004 3411 1075 3485 πρὸς

63 3489 197 3563 ἀλλήλους
216 3493 238 3548 Β
258 3509 312 3547 om.
332 3492 357 3546 R
