2412 3912
138 207 183 273 48
564 209 731 261 -Α-

139 370 313 458 φέστερον,
327 365 492 456 πρότερον
508 364 539 434 δ’
555 364 773 453 ἀκριβοῦντες
788 363 939 452 τοῦνομα
954 363 1067 456 ὥσπερ
1081 365 1147 436 Ἕλ-
1200 413 1201 440 ,

139 484 239 563 ληυες
261 473 456 552 Θυοσκόους
479 471 639 542 ἐκάλουν·
663 470 760 541 αὐτοὶ
783 475 899 560 μέντοι
922 476 1011 558 σφᾶς
1034 471 1147 553 αὐτούς
1161 491 1184 539 ιο

140 584 194 652 ἐπὶ
216 585 285 650 τόν
312 578 488 668 ἡγεμόνων
516 578 609 658 τινὸς
631 577 793 648 Ῥασέννα
820 579 883 648 τὸν
911 577 1016 648 αὐτὸν
1040 581 1147 671 ἐκείνω

100 689 268 778 4τρόπον
304 685 515 774 ὀνομάζουσι.
565 686 678 766 πόλεις
714 685 751 754 δέ
787 685 922 766 ἀςτιυας
958 684 1088 777 ᾤκισαν
1122 689 1151 754 οί

111 796 334 884 ε·Τυρρηνοί,
366 794 422 861 καί
449 792 701 880 πολιτευμάτων
729 791 882 874 οῦςτινας
910 791 1148 879 κατεστήσαντο

137 903 301 991 κόσμους,
331 899 478 987 δύναμίν
505 926 540 967 τε
569 897 698 986 ὁπόσην
722 903 758 968 οί
785 898 974 988 σύμπαντες
996 899 1053 966 καί
1078 905 1150 986 ἔργα

139 1019 172 1078 εί
195 1035 272 1079 τινα
298 1007 431 1094 μνήμης
457 1004 533 1087 ἀξια
561 1005 797 1093 διεπράξαντο,
824 1006 940 1093 τύχαις
966 1032 1002 1074 τε
1026 1003 1152 1084 ὁποίαις
1193 1031 1197 1042 ·

102 1114 339 1203 5ἐχρήσαντο,
363 1115 399 1180 ἐν
424 1113 524 1202 ἑτέρω
554 1112 787 1198 δηλωθήσεται
816 1112 917 1204 λόγῳ.
961 1110 999 1181 τὸ
1030 1109 1067 1178 δ’
1096 1103 1152 1180 οῦν

139 1216 353 1304 Πελασγικὸν
380 1222 510 1305 φῦλον,
543 1217 626 1287 ὅσον
654 1217 699 1306 μή
728 1217 899 1308 διεφθάρη
927 1245 962 1287 τε
991 1219 1048 1286 καί
1077 1216 1153 1285 κατὰ

98 1325 198 1406 ωτάς
220 1321 374 1404 ἀποικίας
398 1325 596 1412 διεσπάσθη,
620 1327 764 1412 διέμεινε
789 1325 826 1393 δὲ
845 1321 963 1412 ὀλίγον
986 1323 1052 1394 ἀπὸ
1080 1333 1151 1394 πολ·

137 1436 213 1519 λοῦ,
236 1431 410 1519 μετὰτῶν
431 1428 650 1518 Ἀβοριγίνων
673 1431 935 1520 πολιτευόμενον
964 1435 1002 1501 ἐν
1024 1431 1155 1511 τούτοις

137 1537 327 1624 ὑπελείφθη
351 1552 421 1616 τοῖς
443 1543 588 1624 χωρίοις,
612 1537 699 1606 ὅπου
723 1537 787 1607 σῦν
808 1538 920 1631 χρόνω
944 1537 1005 1626 τήν
1025 1538 1154 1628 Ῥώμην
1201 1589 1202 1594 1

139 1649 174 1715 οί
205 1650 339 1731 ἔκγονοι
372 1643 483 1732 αὐτῶν
519 1644 585 1713 σῦν
612 1659 683 1725 τοῖς
709 1644 823 1726 ἀλλοις
851 1647 1060 1715 ἐπολίσαντο.
1103 1647 1155 1714 καί

136 1751 178 1821 τὰ
202 1750 264 1839 μὲν
285 1747 369 1838 ὑπὲρ
393 1754 454 1819 τοῦ
484 1757 698 1838 Πελασγικοῦ
720 1753 842 1839 γένους
870 1753 1155 1842 μυθολογούμενα

99 1889 125 1931 ιτ
137 1857 252 1928 τοιάδε
276 1859 353 1924 ἐστι’.

227 1965 344 2031 XXXI.
379 1962 476 2032 Μετδι
499 1965 537 2032 δέ
560 1963 601 2034 ού
624 1965 733 2034 πολὺν
762 1965 887 2053 χρόνον
912 1966 1030 2047 στόλος
1054 1965 1157 2045 ἄλλος

132 2067 327 2156 Ἑλληνικὸς
351 2073 397 2149 είς
419 2073 523 2137 ταῦτα
540 2068 580 2138 τά
603 2078 708 2159 χωρία
726 2076 785 2158 τής
804 2068 945 2152 Ἰταλίας
966 2071 1157 2159 κατάγεται,

139 2179 302 2267 ἑξηκοστῷ
333 2175 476 2263 μάλιστα
509 2181 572 2242 ἐτει
599 2175 763 2265 πρότερον
795 2181 863 2247 τῶν
896 2183 1080 2266 Τρωικόν,
1116 2176 1159 2258 ὡς

137 2279 234 2352 αῦτοί
253 2280 413 2372 Ῥωμαῖοι
437 2283 609 2368 λέγουσιν,
638 2285 673 2350 ἐκ
695 2290 912 2352 Παλλαντίου
935 2285 1065 2365 πόλεως
1086 2285 1158 2372 Ἀρ-

96 2419 124 2460 ιο
137 2392 276 2475 καδικής
303 2384 457 2466 ἀναστάς.
503 2385 614 2474 ἡγεῖτο
643 2389 681 2456 δέ
707 2393 767 2476 τής
792 2387 946 2470 ἀποικίας
975 2390 1189 2480 Εῦανδροςε

132 2494 260 2584 Ἑρμοῦ
287 2493 468 2581 λεγόμενος
494 2494 549 2562 καὶ
576 2493 712 2582 νύμφης
737 2493 830 2576 τινὸς
853 2494 1009 2585 Ἀρκάσιν
1037 2500 1159 2586 ἐπιχω-
1202 2501 1203 2566 ί

138 2608 232 2690 ρίας,
264 2596 307 2686 ἣν
340 2603 376 2668 οί
405 2599 467 2686 μέν
489 2597 650 2686 Ἕλληνες
679 2603 784 2688 Θέμιν
814 2600 901 2671 εἶναι
931 2605 1069 2689 λέγουσι
1102 2606 1161 2672 καί

137 2707 354 2795 θεοφόρητον
368 2701 629 2792 ἀποφαίνουσιν,
644 2711 681 2774 οί
693 2707 730 2775 δὲ
743 2705 801 2788 τάς
809 2705 993 2795 Ῥωμαϊκὰς
1008 2711 1160 2801 συγγρά-

211 2899 277 2956 1δέ
296 2901 352 2954 AB
430 2908 445 2955 2
471 2896 618 2964 Θούσιιους
651 2921 673 2957 υ,
702 2902 818 2972 Lepsius
846 2904 880 2959 de
908 2905 1036 2976 Pelasgis
1063 2926 1092 2979 p.
1127 2915 1161 2961 11

137 2973 289 3035 3τινεςΒ
323 2975 327 3041 Ι
363 2970 514 3042 Ταρασένα
532 2974 579 3027 vel
599 2972 731 3044 Ταρσὲνα
750 2974 867 3045 Lepsius
889 2993 918 3045 p.
936 2982 973 3030 24
1045 2974 1163 3046 λόίκη-

137 3062 191 3100 οαν
211 3042 233 3098 0
256 3060 325 3100 corr.
344 3043 445 3100 Portus
523 3051 538 3098 6
563 3041 593 3098 οί
609 3039 770 3114 σύμπαντες
793 3045 816 3100 Ο
841 3041 993 3115 ἐκέκτηντο
1017 3049 1163 3104 excidisse

136 3117 222 3186 putat
242 3115 344 3174 Reiske
370 3112 452 3185 ἐσχον
475 3115 582 3185 Kayser
604 3117 675 3170 Ann.
700 3116 769 3187 phiL
794 3122 863 3171 1863
891 3135 918 3186 p.
942 3124 960 3172 4
997 3113 1164 3188 ἐκτήσαντο

137 3187 240 3244 Garrer
258 3185 328 3242 obss
347 3193 410 3256 μθ
439 3186 582 3241 Meutzner
608 3187 680 3241 Ann.
706 3187 776 3256 phil.
801 3194 870 3243 187⁷
898 3205 926 3257 p.
946 3194 997 3243 821
1027 3189 1100 3244 mihi
1134 3190 1168 3246 οί

137 3253 299 3327 σύμπαντες
326 3261 488 3327 corruptum
513 3257 626 3312 videtur
707 3264 740 3311 12
765 3261 782 3311 δ
812 3252 977 3328 ὑπελείφθη
1005 3278 1029 3315 υ.
1050 3263 1165 3318 ΒεὶεΙτε

173 3336 207 3383 13
226 3323 331 3399 ἀλλοίς]
349 3324 488 3400 Ἀλβανοῖς
503 3345 526 3382 ο.
542 3328 682 3398 Kiessling
699 3331 702 3390 Ι
721 3323 937 3384 ἐπολιτεύσαντο
957 3331 979 3384 Β
1044 3338 1077 3386 14
1099 3337 1167 3390 Πε-

137 3399 284 3470 λασγικοῦ]
304 3400 463 3467 πελασγιῦν
481 3399 504 3452 Β
564 3405 597 3453 15
616 3397 670 3452 είσι
688 3399 711 3452 Β
773 3407 805 3454 16
824 3396 906 3463 ἀλλος
925 3395 1068 3471 ἐλληνιιιδς
1088 3401 1167 3460 στό-

138 3473 185 3532 λος
203 3470 226 3523 Β
297 3477 330 3524 21
350 3465 502 3540 λεγόμενος
524 3469 547 3522 Β
577 3464 730 3539 γενόμενος
748 3471 773 3522 Α
