2412 3912
444 1237 751 1310 PRAEFATIO.

552 1433 640 1442 ...—

161 1537 307 1623 Spatium
335 1539 454 1625 viginti
483 1539 626 1624 quinque
654 1559 813 1604 annorum
842 1559 944 1623 prope
968 1539 1018 1602 esi
1042 1537 1104 1602 ele·

95 1664 199 1728 psum,
222 1649 397 1730 poniquem
415 1645 588 1729 Adolphus
607 1644 828 1730 Kiesslingius
852 1642 987 1730 Dionysi
1011 1643 1103 1708 Hali-

98 1752 293 1816 camesensis
312 1753 546 1836 antiquitatum
567 1773 777 1818 romanarum
795 1751 947 1818 volumen
960 1751 1104 1836 primum

98 1855 130 1921 in
152 1857 257 1925 lucem
285 1857 394 1924 edidit.
441 1857 503 1936 Qui
530 1862 641 1924 tamen
669 1858 714 1922 sit
740 1857 878 1943 fiotum,
910 1861 947 1923 ui
970 1857 1020 1924 vir
1047 1857 1103 1922 ille

96 1963 305 2044 clarissimus,
337 1965 427 2031 ouius
459 1966 577 2030 merita
604 1965 639 2029 in
661 1963 856 2048 Dionysium
880 1986 1008 2030 summa
1032 1985 1103 2028 esse

94 2070 174 2137 inter
198 2075 472 2155 omnesoonstat,
494 2071 579 2136 hano
602 2071 776 2138 editionem
801 2071 939 2136 altorem
960 2093 1027 2137 non
1050 2092 1103 2135 ou-

96 2178 224 2262 raverit,
250 2179 312 2244 hoo
339 2183 411 2244 looo
436 2199 594 2262 exponere
618 2178 759 2243 alienum
782 2176 909 2242 videtur
940 2199 1020 2243 esse.
1065 2177 1104 2240 Id

96 2305 190 2349 unum
218 2284 319 2369 igitur
341 2305 594 2349 commemorare
616 2283 697 2348 mihi
720 2283 831 2364 lioeet,
857 2306 931 2349 oum
955 2287 1031 2348 onte
1054 2283 1104 2346 bi-

97 2391 222 2454 ennium
254 2390 466 2456 eTeubnero
495 2391 689 2475 appellarer,
721 2395 758 2454 ut
780 2411 909 2482 novom⁸
927 2387 1103 2455 editionem

97 2494 230 2582 Dionysi
254 2496 486 2596 aniiquitptum
510 2517 571 2582 ego
594 2518 754 2581 pararem,
777 2517 816 2560 ea
839 2517 922 2579 quae
944 2494 1103 2560 Kiessliu-

99 2603 164 2686 gius
187 2603 228 2668 ed
251 2603 403 2669 volumen
425 2604 567 2688 primum
595 2601 754 2668 edendum
777 2602 970 2669 contulisset
1002 2625 1023 2667 a
1053 2602 1102 2666 bi-

98 2707 235 2793 bliopola
262 2708 508 2792 honestissimo,
535 2709 626 2774 ouius
645 2709 689 2774 ,in
712 2709 863 2774 manibus
887 2713 992 2793 erent,
1020 2709 1102 2773 mihi

101 2836 161 2881 esse
183 2815 315 2882 trodioo.
354 2815 416 2881 His
439 2837 516 2882 vero
540 2815 693 2880 subsidiis
717 2816 902 2916 mystisque,
925 2837 1007 2901 quae
1030 2817 1102 2900 ipse

99 2942 208 3007 magno
237 2923 350 2988 labore
374 2922 506 3007 collegi,
537 2922 716 3002 inetruotus
741 2922 782 2987 ad
804 2922 906 2988 libros
930 2924 1000 2990 eius
1025 2923 1102 2988 sori-

98 3030 193 3110 pioris
212 3029 353 3096 edendos
373 3049 547 3115 aggressus
567 3051 649 3111 sum,
672 3030 724 3095 oui
742 3049 875 3114 operum
895 3029 1102 3114 studiumque

98 3135 211 3200 multos
236 3158 339 3201 annos
361 3135 532 3201 navabem.
563 3135 616 3200 Ad
638 3134 834 3220 Dionysium
857 3141 966 3203 autem
990 3141 1028 3201 ut
1050 3157 1102 3200 me

97 3241 285 3324 applicarem
322 3243 386 3308 fuit
423 3242 503 3306 olim
541 3246 654 3308 auctor
684 3241 868 3308 Fridorious
902 3241 1101 3308 Ritsohelius

95 3353 283 3434 praeceptor
309 3347 392 3414 mihi
416 3348 617 3433 norissimus,
644 3371 664 3413 o
687 3371 751 3433 quo
775 3349 882 3433 primo
907 3347 1004 3413 simul
1028 3368 1100 3412 oum

10 3471 11 3480 ¹
96 3451 274 3521 Athanasio
293 3455 469 3520 Ambrosio
493 3455 535 3520 ab
559 3454 672 3521 inferis
695 3460 733 3520 ui
755 3455 802 3520 itu
820 3454 925 3519 dicem
947 3455 1010 3519 hoo
1033 3455 1103 3536 qui-

901 3554 941 3610 a*
