2412 3912
140 210 184 277 28
565 249 598 260 -
636 222 732 274 ι·-

140 373 374 454 έξελαῦνονται
402 383 580 459 Θετταλίας
607 376 673 447 ῦπό
701 405 736 448 τε
758 378 947 466 Κουρήτων
975 377 1031 446 καὶ
1053 375 1137 442 Λελέ,
1151 393 1172 442 41

140 505 227 566 μων,
251 487 287 549 οἳ
306 485 371 550 νῦν
395 485 541 552 Αἰτωλοὶ
563 486 620 553 καί
644 488 771 575 Λοκροὶ
793 490 995 570 καλοῦνται,
1017 483 1070 552 καλ
1091 501 1138 548 συ-

139 591 232 675 χνῶν
255 585 367 658 ἄλλων
381 594 449 659 τάν
464 592 539 680 περὶ
552 590 613 661 τὸν
628 591 815 681 Παρνασὸν
831 590 1030 675 οἰκούντων,
1051 587 1138 676 ἡγου-

140 697 246 785 μένου
276 700 346 766 τῶν
372 703 541 785 πολεμίων
570 705 810 780 Δευκαλίωνος
841 702 902 768 τοῦ
929 697 1140 786 Προμηθέως,

114 803 266 893 5μητρὸς
289 802 327 871 δὲ
349 806 528 892 Κλυμένης
550 808 609 892 τής
629 803 800 875 Ὠκεανοῦ.

229 912 349 979 XVIIL
372 912 626 992 Σκεδασδέντες
649 912 688 980 δέ
709 909 792 980 κατὰ
815 909 877 998 τήν
897 908 1012 998 φυγήν
1037 911 1071 978 οἱ
1090 907 1142 994 μέν

141 1020 188 1096 είς
215 1017 355 1105 Κρήτην
383 1013 560 1104 άπήλδον,
594 1022 629 1087 οί
655 1016 693 1086 δὲ
718 1021 787 1086 τῶν
815 1017 1007 1086 Κυκλάδων
1038 1014 1144 1102 νήσων

141 1121 235 1204 τινάς
256 1125 428 1211 κατέσχον,
452 1127 486 1192 οί
508 1124 546 1192 δέ
560 1123 665 1212 (τήν)
679 1125 756 1213 περὶ
778 1122 839 1195 τὸν
852 1122 1029 1211 Ὄλυμπόν
1053 1118 1147 1191 τεκαὶ

141 1226 203 1316 τήν
215 1227 358 1315 Ὄσσαν,
385 1232 598 1318 καλουμένην
627 1233 666 1298 δὲ
688 1228 900 1299 Ἑστιαιῶτιν
927 1229 1074 1322 ᾤκισαν,
1100 1225 1148 1292 άλ-

106 1371 131 1412 10
145 1344 200 1404 λοι
224 1335 261 1405 δέ
284 1345 332 1417 είς
353 1363 389 1405 τε
414 1343 583 1406 Βοιωτίαν
609 1337 665 1405 καὶ
691 1341 827 1406 Φωκίδα
853 1338 910 1405 καὶ
932 1335 1087 1423 Εὔβοιαν
1110 1335 1151 1398 δι-

142 1449 390 1531 εκομίσθησαν·
413 1447 448 1512 οί
470 1442 501 1511 δ’
528 1448 575 1524 είς
597 1441 659 1530 τήν
685 1441 799 1513 Ἀσίαν
829 1446 1079 1532 περαιωθέντες
1100 1442 1151 1524 τῆς

141 1551 217 1638 περὶ
253 1550 314 1619 τὸν
347 1547 596 1637 Ἑλλήσποντον
623 1556 790 1640 παραλίου
817 1549 924 1619 πολλά
950 1555 1060 1638 χωρία
1086 1571 1152 1614 κατ-

142 1657 241 1743 έσχον
269 1656 324 1725 καὶ
355 1660 424 1725 τάν
447 1659 702 1745 παρακειμένων
726 1656 810 1746 αὐτῇ
841 1657 959 1745 νήσων
992 1655 1100 1735 άλλως
1124 1676 1153 1719 τε

143 1761 268 1850 συχνάς
289 1764 345 1831 καὶ
371 1760 433 1849 τήν
456 1768 522 1833 νῦν
544 1766 758 1851 καλουμένην
781 1766 929 1851 Λέσβον,
952 1759 1155 1851 ἀναμιχθέν-

101 1899 129 1940 ιε
143 1893 196 1948 τες
217 1883 288 1948 τοῖς
310 1871 345 1936 ἐκ
367 1873 426 1956 τής
444 1868 604 1951 Ἑλλάδος
627 1872 804 1939 στέλλουσι
825 1869 888 1958 τήν
902 1870 1039 1959 πράτην
1064 1867 1155 1936 άποι-

102 1978 220 2053 2κίαν
249 1978 297 2053 είς
326 1972 432 2062 αῦτήν
461 1975 604 2062 άγοντος
626 1979 790 2064 Μάκαρος
818 1980 880 2045 τοῦ
907 1977 1078 2064 Κριάσου.
1123 1966 1157 2040 τὸ

143 2079 181 2148 δὲ
203 2088 320 2148 πλεῖον
348 2077 459 2151 αῦτοῑν
487 2084 587 2170 μέρος
615 2079 673 2150 διά
694 2086 753 2169 τής
780 2087 957 2170 μεσογείου
992 2079 1156 2171 τραπόμε-
1171 2093 1196 2140 4ῑ4

142 2212 199 2254 νοι
225 2184 310 2274 πρὸς
335 2184 413 2266 τοῦς
440 2189 477 2256 έν
501 2187 657 2276 Δωδώνη
685 2193 924 2268 κατοικοῦντας
952 2193 1051 2275 σφάν
1078 2208 1157 2272 σνν-

142 2307 261 2379 γενεῑς,
284 2287 335 2376 οἷς
358 2291 471 2373 οὐδεὶς
492 2291 589 2380 ήξίου
611 2293 759 2382 πόλεμον
778 2296 950 2383 ἐπιφέρειν
974 2292 1019 2374 ὡς
1043 2298 1159 2381 ἱεροῖς,

102 2423 129 2462 νο
142 2399 269 2487 χρόνον
296 2402 358 2487 μέν
385 2426 462 2468 τινα
492 2398 683 2486 σύμμετρον
710 2397 834 2469 αὐτόθι
863 2403 1054 2488 διέτριψαν·
1089 2397 1162 2468 ἐπεὶ

144 2505 181 2574 δὲ
204 2506 349 2594 λυπηροὶ
372 2503 487 2585 αῦτοϊς
500 2503 596 2585 ὄντες
617 2503 811 2594 ήσδάνοντο
836 2503 896 2593 οὐχ
911 2509 1029 2593 ίκανής
1053 2505 1163 2591 οῦσης

143 2609 292 2690 ἅπαντας
313 2613 449 2699 τρέφειν
471 2616 530 2699 τῆς
552 2616 623 2700 γής,
646 2615 835 2681 ἐκλείπουσι
853 2611 916 2700 τήν
939 2612 1054 2701 χάραν
1081 2637 1166 2700 χρη-

58 2747 85 2796 ,ε
144 2721 215 2808 σμςῦ
242 2716 443 2805 πειθόμενοι
464 2717 636 2786 κελεύοντι
659 2726 755 2788 πλεῖν
783 2724 830 2799 είς
850 2717 1010 2806 Ἰταλίαν,
1037 2715 1059 2806 ἢ
1086 2718 1168 2788 τότε

104 2847 125 2912 3
144 2829 316 2910 Σατορνία
340 2824 478 2911 ἐλέγετο.
513 2824 840 2913 κατασκευασάμενοι
865 2824 902 2893 δὲ
925 2830 1009 2905 ναῦς
1030 2823 1169 2904 πολλὰς

104 2969 130 3010 25
144 2932 361 3017 περαιοῦνται
384 2929 445 2999 τὸν
464 2929 600 3017 Ἰόνιον,
624 2929 777 3019 σπουδήν
801 2931 863 3020 μὲν
876 2932 1081 3019 ποιούμενοι
1098 2936 1174 3001 τῶν

215 3131 231 3178 3
259 3143 317 3212 παρ
318 3119 424 3179 ναστὸν
446 3126 498 3180 AB
570 3131 586 3180 8
614 3120 667 3195 τήν
695 3127 759 3183 αδδ.
781 3127 892 3181 Ritsehl
969 3133 985 3182 9
1013 3122 1176 3182 ἕστιεῶτιν

142 3195 195 3250 AB
220 3201 224 3263 Ι
250 3191 363 3263 άκησαν
382 3194 406 3249 0
425 3212 493 3250 corr.
512 3146 648 3252 Ritsohln
695 3204 728 3251 11
749 3193 823 3253 οίδ’
838 3200 864 3252 A
937 3203 971 3252 16
989 3218 1035 3266 κιρ
1036 3201 1135 3253 ασίου
1152 3199 1179 3252 Β

143 3269 272 3335 κριατίου
291 3268 317 3321 R
335 3283 403 3322 corr.
414 3265 536 3336 Sylburg
549 3263 695 3333 Κρινάκου
714 3285 738 3323 ο.
748 3267 906 3353 Wesseling
923 3268 1080 3324 inDiodor.
1094 3269 1126 3322 V
1138 3275 1197 3362 81

145 3344 177 3391 17
197 3339 315 3422 πλησίον
333 3338 356 3392 Β
381 3340 553 3394 πλεῖστονο.
571 3337 715 3424 Kiessling
737 3341 741 3410 Ι
759 3332 854 3426 αῦτῆς
871 3339 925 3393 AB
944 3356 1012 3394 corr
1030 3341 1153 3396 Portus
1168 3303 1197 3424 JA

143 3403 353 3492 τρεπόμενοιΒ
425 3413 458 3460 21
486 3403 585 3469 αῦτοις
609 3403 773 3470 όντεςΒ”
757 3427 838 3471 οντες
856 3405 955 3473 αῦτοῑς
971 3411 997 3464 A
1073 3417 1116 3466 25
1141 3407 1197 3468 τὰ

144 3477 236 3532 ίονιον
254 3479 279 3532 Α
307 3498 357 3532 τον
376 3473 472 3532 ίάνιον
491 3479 537 3534 Ba
555 3474 604 3532 τὸν
623 3474 712 3533 ίόνιοκ
731 3479 778 3534 Bb
