2396 3918
113 167 218 258 '176
577 195 742 248 -Β-

241 355 331 423 XVI.
361 360 482 444 Τρίτον
504 345 549 441 ἦν
573 358 621 423 ἔτι
638 351 813 442 Ῥωμύλον
830 359 1024 440 πολίτευμα,
1047 348 1146 422 δπάν-

152 486 221 530 των
253 460 396 549 μάλιστα
427 457 507 540 τούς
526 457 693 547 Ἕλληνας
724 458 842 528 ἀσκεῖν
874 464 959 547 ἔδει,
991 459 1147 548 κράτιστον

153 565 313 637 ἁπάντων
336 565 590 656 πολιτευμάτων
612 565 782 655 ὑπάρχον,
806 563 851 648 ἀς
872 566 934 656 ἐμὴ
958 567 1041 650 δόξα
1062 569 1148 655 φέρει,

154 672 172 744 3
196 675 252 744 καλ
274 678 334 762 τῆς
357 679 499 761 βεβαίου
516 671 692 762 Ῥωμαίοις
711 676 908 762 ἐλευθερίας
925 667 1007 763 ἦρχε
1024 675 1078 742 καὶ
1097 677 1148 742 τόν

114 811 128 852 ε
155 781 208 850 ἐπὶ
239 779 302 868 τὴν
333 778 520 868 ἡγεμονίαν
551 779 708 868 ἀγόντων
745 779 807 850 ούκ
839 783 1017 869 ἐλαχίστην
1049 795 1149 868 μοῖραν
1195 811 1196 858 ;

153 890 313 978 παρέσχε,
340 887 378 958 τὸ
408 888 488 976 μήτε
516 888 761 975 κατασφάττειν
780 885 917 980 Ιἡβηδὸν
944 886 1004 968 τάς
1027 886 1151 965 ἁλούσας

153 997 287 1087 πολέμῳ
310 995 424 1076 πόλεις
445 985 527 1084 μήτε
546 993 855 1083 ἀνδραποδίζεσθαι
874 995 961 1083 μηδὲ
978 1000 1045 1083 γῆν
1061 993 1151 1062 αὐτόν

155 1100 289 1172 ἀνιέναι
313 1101 521 1190 μηλόβοτον,
543 1099 629 1170 ἀλλά
653 1104 863 1190 κληρούχους
890 1107 940 1183 είς
962 1101 1067 1182 αύτάς
1086 1100 1180 1169 ἀπο-ιιι

155 1210 306 1278 στέλλειν
333 1210 387 1278 ἐπὶ
414 1210 507 1296 μέρει
534 1208 602 1276 τινλ
629 1212 689 1295 τῆς
715 1207 827 1297 χώρας
852 1209 910 1276 καὶ
936 1223 1051 1279 ποιεῖν
1079 1206 1153 1276 ἀποι

116 1344 142 1384 ιο
155 1320 229 1395 κίας
250 1319 309 1402 τῆς
327 1313 456 1402 Ῥώμης
472 1313 532 1394 τάς
553 1320 792 1401 κρατηθείσας,
810 1317 917 1395 ἐνίαις
940 1314 980 1383 δὲ
1001 1318 1060 1384 καλ
1081 1322 1154 1384 πολι

120 1425 245 1502 2τείας
276 1422 504 1510 μεταδιδόναι.
548 1421 654 1491 ταῦτά
682 1448 717 1490 τε
747 1419 790 1508 δὴ
819 1423 876 1490 καὶ
906 1413 1013 1499 τᾶλλα
1044 1421 1155 1499 τούτοις

156 1526 257 1616 ὅμοια
275 1529 567 1622 καταστησάμενος
585 1528 809 1617 πολιτεύματα
826 1528 976 1616 μεγάλην
996 1531 1035 1598 ἐκ
1058 1532 1156 1618 μικράς

156 1637 291 1722 ἐποίησε
312 1635 376 1723 τὴν
400 1633 570 1721 ἀποικίαν,
588 1633 634 1715 ὡς
652 1632 737 1705 αύτά
760 1633 801 1704 τὰ
825 1641 905 1723 ἔργα
924 1635 1105 1723 ἐδήλωσεν.
1135 1638 1160 1702 οἱ

158 1741 219 1829 μὲν
251 1739 316 1831 γάρ
348 1741 602 1822 συνοικίσαντες
637 1739 707 1829 μετ’
739 1739 845 1811 αὐτού
877 1739 940 1830 τὴν
968 1740 1102 1832 Ῥούμην
1129 1739 1158 1810 ού
1195 1797 1196 1800 ¹

117 1877 144 1918 ιε
158 1851 294 1927 πλείους
314 1841 401 1936 ἦσαν
421 1847 559 1937 ἀνδρῶν
578 1841 772 1938 τρισχιλίων
789 1849 881 1931 πεζοί
899 1849 956 1917 καὶ
971 1856 1159 1935 τριακοσίων
1195 1903 1196 1906 ¹

157 1955 315 2036 ἐλάττους
346 1960 470 2037 ίππεῑς·
503 1959 539 2025 οί
569 1955 606 2024 δέ
637 1957 920 2042 καταλειφθέντες
948 1953 1007 2024 ὑπ’
1035 1960 1160 2039 ἐκείνω,

157 2061 207 2132 ὅτ’
232 2066 267 2145 ἐξ
294 2063 488 2151 ἀνθρώπων
516 2061 710 2151 ἠφανίσθη,
742 2063 834 2144 πεζοὶ
866 2061 928 2149 μέν
961 2063 1161 2152 ἐξαιασχίλιοι

156 2168 241 2258 πρὸς
262 2173 415 2256 τέτταρσι
439 2169 612 2257 μυριάσιν,
636 2173 745 2250 ίππεῑς
768 2167 800 2238 δ’
823 2168 865 2239 ού
888 2169 977 2240 πολύ
998 2171 1162 2259 ἀπέχοντες
1194 2225 1195 2230 ,

118 2283 285 2364 3χιλίων.
326 2279 459 2345 ἐκείνου
483 2275 520 2344 δὲ
544 2274 708 2364 ἄρξαντος
730 2282 800 2346 τῶν
823 2279 1080 2367 πολιτευμάτων
1101 2276 1162 2346 τού-

117 2411 227 2453 εοτων
260 2387 296 2453 οῗ
324 2410 359 2452 τε
385 2386 540 2470 ’βασιλεῖς
572 2387 608 2450 ολ
636 2381 706 2471 μετ’
739 2382 845 2453 αύτδν
877 2382 1091 2474 ἡγησάμενοι
1119 2387 1164 2469 τῆς

156 2488 286 2570 πόλεως
308 2490 370 2577 τὴν
393 2487 501 2575 αύτὴν
524 2489 734 2577 ἐφυλάξαντο
753 2496 952 2579 προαίρεσιν
971 2493 1028 2560 καὶ
1054 2495 1090 2562 οί
1105 2488 1162 2579 μετ’

159 2599 309 2676 ἐκείνους
338 2593 397 2676 τὰς
425 2598 619 2675 ἐνιαυσίους
650 2596 881 2683 λαμβάνοντες
907 2596 1012 2686 ἀρχὰς
1041 2593 1166 2667 ἐστινά

158 2704 214 2770 καὶ
242 2703 497 2791 προστιθέντες,
527 2699 635 2782 οὕτως
664 2700 749 2773 ὥστε
778 2703 923 2791 μηδενὸς
952 2710 1083 2787 ἔθνους
1112 2707 1189 2773 τούιῑ

159 2813 343 2889 δοκοῦντος
384 2808 472 2878 είναι
512 2808 872 2896 πολυανθρωποτάτου
907 2809 969 2880 τὸν
1001 2809 1167 2900 Ῥωμαίων

119 2939 145 2981 ιι
159 2917 320 3003 γενέσθαι
344 2920 454 3020 δῆμον
480 2915 649 2985 ἐλάττονα.

233 3188 247 3237 1
267 3177 282 3237 3
301 3177 397 3237 πάντα
412 3179 532 3253 μάλιστα
546 3181 571 3236 A
589 3176 604 3238 3
624 3178 744 3270 μάλιστα
758 3184 782 3237 Β
838 3191 855 3240 4
869 3182 1006 3271 ὁωμαίφις
1021 3188 1139 3272 βεβαίου
1151 3185 1169 3238 Β

160 3249 362 3324 θάναχόντων
385 3254 412 3307 A
498 3259 513 3308 6
537 3255 660 3324 παρέσχε
683 3275 716 3310 το
735 3253 836 3327 μηκέτι
859 3259 883 3310 A
924 3252 1039 3326 ’χαχετο
1065 3277 1133 3328 μηιε
1151 3257 1169 3309 Β

162 3331 194 3379 11
214 3327 306 3380 ταῦτα
325 3322 357 3379 δὲ
377 3319 413 3391 δὴ
428 3324 451 3377 Β
467 3325 471 3395 λ
487 3320 559 3379 ἀλλα
571 3325 597 3378 A
615 3325 664 3379 καὶ
684 3321 725 3381 ἐτ’
746 3323 817 3381 ἀλλα
829 3326 922 3383 Μθίιιε
945 3345 960 3384 θ
1032 3335 1065 3384 14
1084 3347 1170 3384 σννοι·
1190 3371 1191 3398 3

160 3393 340 3463 κη’σαντεςΒ
423 3401 457 3450 18
476 3394 603 3465 τέτταρσι
626 3399 652 3450 Α
679 3397 811 3467 τέσσαρσι
833 3399 859 3452 R
941 3405 974 3454 19
993 3395 1105 3454 τούτων
1122 3401 1171 3454 τόν

162 3460 374 3536 πολιτευμάτων
392 3466 419 3519 A
491 3471 523 3520 21
544 3461 735 3534 ἐφύλαξανἈ
806 3473 842 3522 24
859 3469 917 3524 τῶν
936 3467 1071 3540 ᾇωμαίων
1091 3472 1117 3525 A
