2404 3918
145 233 210 300 342
570 261 604 271 -
642 232 737 284 Γ-

147 392 185 461 δδ
208 397 315 473 αἰτίας
336 389 464 482 [ὀλίγῳ]
485 387 629 477 ὕστερον
653 391 745 480 ἐρῶ),
770 387 947 476 δεξάμενοι
969 387 1007 456 τδ
1032 387 1149 476 συμβὰν

147 498 325 587 ἀγαπητῶς
352 495 463 587 ὅρκων
493 497 556 585 μὲν
585 499 725 566 ἐκείνων
757 497 814 565 καὶ
837 499 1023 583 συνθηκῶν
1051 492 1184 580 ῶσπεροιι

147 605 230 676 οὐδὲ
252 608 488 694 γεγενημένων
512 604 738 691 ἐπελάθοντο,
761 603 883 693 καιρόν
908 604 946 672 δὲ
969 608 1152 690 νομίσαντες

147 713 340 801 ἐπιτήδειον
359 717 447 800 ἔχειν
465 703 514 781 ῶν
534 713 684 794 ἐξέτισαν
698 711 875 799 Ῥωμαίοις
893 710 1071 801 χρημάτων
1087 718 1152 778 πολ-

121 819 318 889 ελαπλάσια
340 816 417 909 παρ’
444 817 558 888 αὐτῶν
580 817 781 906 ἀπολαβεῖν,
804 817 916 906 ὀλίγοι
938 817 1001 905 μὲν
1022 814 1061 887 τὸ
1079 819 1153 902 πρῶ-

109 923 132 988 2
151 955 211 997 τον
229 928 285 996 καλ
304 924 444 1014 ἀφανῶς
462 925 608 1008 ἐξιόντες
626 927 795 1013 ἐληίζοντο
810 924 872 1012 τὴν
892 921 1035 1012 ὅμορον·
1059 929 1153 992 ἔπειτα

154 1034 191 1102 δὲ
222 1035 341 1103 πολλοὶ
374 1032 548 1113 συνιόντες
579 1033 636 1102 καλ
666 1035 701 1102 ἐκ
730 1036 792 1102 τοῦ
824 1035 995 1121 φανεροῦ,
1028 1032 1096 1099 ἐπεὶ
1121 1028 1152 1098 τὰ

150 1145 266 1232 πρῶτα
292 1139 375 1212 κατὰ
408 1139 548 1229 γνώμην
580 1139 697 1223 αύτοϊς
728 1141 898 1230 ἐχώρησεν
931 1136 1089 1226 οὐδεμιᾶς
1113 1139 1151 1206 ἐπὶ

151 1249 213 1339 τὴν
251 1247 407 1337 φυλακὴν
448 1252 516 1318 τῶν
558 1253 718 1338 γεωργῶν
755 1247 964 1337 ἀφικομένης
999 1251 1151 1336 βοηθείας,

112 1375 138 1415 1⁰
152 1357 469 1445 καταφρονήσαντες
490 1361 560 1426 τῶν
582 1362 753 1444 πολεμίων
777 1354 827 1425 ἐπ’
845 1353 951 1443 αὐτὴν
972 1358 1148 1424 διενοοῦντο

152 1463 214 1551 τὴν
233 1462 365 1552 Ῥώμην
389 1464 545 1533 ἐλαύνειν
572 1464 628 1532 καὶ
652 1467 805 1552 συνῆγον
833 1465 866 1546 ἐξ
889 1460 1024 1550 ἀπάσης
1047 1461 1143 1539 πόλεος

154 1571 309 1659 στρατόν,
333 1572 525 1657 διελέγοντο
550 1569 588 1638 δέ
610 1571 668 1639 καὶ
689 1585 763 1652 ταῖς
781 1574 941 1639 Λατίνων
959 1569 1080 1639 πόλεσι
1096 1567 1144 1654 περὶ

111 1686 134 1751 3
154 1683 350 1768 συμμαχίας.
391 1676 433 1747 οά
451 1677 518 1766 μὴν
542 1678 709 1765 ἐξεγένετό
728 1703 766 1765 γε
784 1679 901 1758 αὐτοῖς
923 1684 1045 1766 φιλίαν
1065 1703 1098 1747 τε
1112 1676 1149 1743 καὶ

154 1783 335 1873 ὁμαιχμίαν
368 1783 576 1872 ποιήσασθαι
613 1783 696 1873 πρὸς
727 1783 765 1854 τὸ
800 1791 915 1865 ἔθνος·
953 1783 1076 1872 μαθών
1105 1781 1152 1871 γὰρ

114 1907 140 1948 1⁵
153 1890 215 1980 τὴν
240 1890 397 1960 διάνοιαν
420 1889 533 1960 αὐτῶν
557 1889 575 1960 ὁ
599 1891 727 1971 Τύλλος
749 1888 875 1980 ἀνοχάς
897 1889 983 1980 πρὸς
1006 1896 1154 1968 Λατίνους

154 1997 387 2086 ποιησάμενος·
409 2000 462 2069 ἐπὶ
488 1997 631 2079 τούτους
659 2004 746 2086 ἔγνω
775 1997 919 2089 στρατὸν
950 1998 1080 2086 ἐξάγειν
1106 1997 1155 2085 τήν

153 2132 189 2173 τε
212 2103 384 2195 Ῥωμαίων
413 2103 547 2174 ἅπασαν
575 2105 724 2194 δύναμιν
753 2113 963 2187 καθοπλίσας
992 2110 1155 2176 διπλασίαν

156 2203 264 2281 οὖσαν
286 2210 352 2300 ἤδη
375 2216 434 2300 τῆς
456 2211 636 2300 πρότερον,
660 2214 698 2294 ἐξ
722 2203 765 2281 οὗ
791 2211 855 2301 τὴν
874 2210 1048 2298 Ἀλβανῶν
1071 2213 1154 2282 πόλιν

155 2322 356 2408 προσέλαβε,
383 2319 439 2388 καλ
462 2316 527 2388 ἀπὸ
554 2323 624 2388 τῶν
653 2317 765 2388 ἀλλων
796 2319 982 2408 συμμάχων
1006 2324 1156 2407 ἐπικουρι-

115 2479 142 2520 ,0
155 2425 217 2496 κὸν
253 2425 336 2496 ὅσον
371 2417 528 2496 πλεῖστον
561 2425 703 2495 ἐδύνατο
736 2426 1043 2515 μεταπεμψάμενος.
1091 2447 1156 2495 συν-

155 2539 236 2622 ῆκτο
270 2533 309 2602 δὲ
339 2535 396 2603 καὶ
427 2548 498 2614 τοίς
525 2537 690 2619 Σαβίνοις
721 2532 787 2620 ἤδη
820 2532 857 2602 τὸ
882 2534 1083 2622 στράτευμα,
1108 2533 1187 2601 καλὸν

157 2641 270 2728 ἐπειδὴ
302 2645 447 2728 πλησίου
479 2637 634 2727 ἀλλήλων
667 2640 824 2725 ἐγένοντο
857 2642 933 2730 περὶ
962 2638 1025 2730 τὴν
1052 2648 1155 2710 καλου

157 2751 265 2837 μένην
301 2746 387 2836 ὕλην
423 2750 614 2835 κακοῦργον
655 2744 772 2834 ὀλίγον
812 2747 851 2817 τὸ
889 2747 1011 2836 μεταξὺ
1046 2737 1155 2837 χωρίον

158 2854 299 2944 ἀφέντες
334 2853 752 2944 κατεστρατοπεδεύσαντο.
810 2857 851 2944 τῇ
888 2852 920 2921 δ’
957 2856 1031 2943 ἑξῆς
1064 2852 1154 2942 ἡμέρᾳ

118 2988 145 3029 ει
160 2961 386 3052 συμπεσόντες
409 2961 572 3050 ἐμάχοντο
596 2962 652 3030 καὶ
674 2953 762 3048 ἦσαν
782 2961 958 3049 ίσόρροποι
977 2964 1070 3051 μέχρι
1089 2969 1150 3029 πολ·

158 3077 234 3143 λοῦ·
257 3069 322 3161 ἤδη
348 3069 385 3137 δέ
407 3069 483 3157 περὶ
508 3072 623 3156 δείλην
647 3065 750 3150 ὀψίαν
775 3069 989 3166 ἐγκλίνουσιν
1013 3072 1048 3137 οί
1067 3072 1152 3154 Σαβῖ-

230 3313 247 3361 4
267 3304 343 3375 ἔχειν
357 3304 379 3357 Β
394 3321 447 3359 om.
459 3305 504 3428 R}
521 3292 561 3355 ῶν
579 3299 730 3371 χρημάτων
750 3297 771 3356 ἐ.
787 3298 810 3370 β.
827 3300 849 3356 Ο
864 3300 1012 3388 pfaeterB
1069 3304 1082 3354 5
1097 3316 1149 3366 χρη.

159 3374 255 3448 μάτων
274 3370 344 3443 παρ’
365 3376 404 3458 ΑΝ
454 3380 470 3428 6
506 3367 738 3458 λῄζοντοὶιαελξω
803 3367 981 3441 8ἐχωρησεν
1000 3367 1147 3458 ούδεχιιάςΒ

161 3443 261 3514 ἐχώρει
281 3447 421 3515 μηδεμιας
438 3445 464 3498 R
520 3445 552 3496 15
573 3461 643 3512 μετα
661 3462 727 3504 τους
745 3445 875 3504 λατίνους
891 3446 916 3496 A
973 3448 1005 3496 16
1024 3437 1147 3501 τουτοιςΑ

162 3520 195 3568 19
214 3513 281 3569 ὅσον
301 3510 484 3582 ἐπικουρικὸν
502 3515 527 3565 A
599 3518 633 3566 22
654 3508 785 3580 ἐγένοντο
804 3513 827 3566 Β
849 3508 976 3582 ἐγίνοντο
994 3515 1020 3568 R
