2412 3912
464 223 630 275 -ι-
1012 219 1054 285 ει

60 379 179 460 σθέυτες
213 383 361 450 ἐκλιπεῖν
398 380 552 450 σύνοικοι
588 387 742 470 γίνονται
773 395 845 462 τοῖς
872 379 1056 471 Ἀβοριγῖσι

59 487 222 576 καὶκοινῇ
255 485 327 575 μετ’
357 489 497 558 ἐκείνων
525 490 713 576 ἐπολέμουν
744 487 828 579 πρὸς
856 485 936 568 τούς
962 499 1055 556 Σικε-

63 593 136 674 λούς.
177 596 333 677 ἐδέξαντο
364 595 404 664 δὲ
431 593 555 676 αὐτούς
585 599 620 664 οί
638 593 857 683 Ἀβοριγῖνες,
885 603 966 676 ίσως
993 594 1055 684 μὲν

61 698 201 769 καὶκατὰ
221 699 285 789 τὴν
308 706 371 770 τού
394 700 681 790 ὠφεληθήσεσθαι
703 704 836 788 ἐλπίδα,
865 699 909 781 ῶς
933 699 964 768 δ’
990 699 1055 788 ἐγῶ

60 813 200 893 πείθομαι
221 806 306 904 κατὰ
328 805 367 876 τό
391 807 551 896 συγγενὲς
578 808 729 896 μάλιστα.
773 800 818 896 ἦν
844 806 910 896 γὰρ
934 807 976 896 δὴ
998 777 1095 906 καὶ,2

59 911 91 981 τὸ
117 917 178 982 τῶν
205 919 394 1000 Πελασγῶν
424 918 524 1004 γένος
545 913 744 1002 Ἑλληνικὸν
773 918 810 984 ἐκ
837 914 1055 1002 Πελοποννή-

64 1038 114 1087 σου
135 1018 168 1089 τό
195 1019 354 1111 ἀρχαῖον,
382 1021 544 1110 ἐχρήσατο
574 1020 611 1089 δέ
637 1022 753 1108 τύχαις
776 1021 980 1110 δυσπότμοις
1007 1026 1056 1101 είς

66 1123 149 1193 πολλὰ
168 1125 230 1213 μὲν
253 1127 312 1194 καὶ
333 1124 429 1212 ἄλλα,
452 1126 595 1214 μάλιστα
619 1124 651 1194 δ’
677 1131 725 1208 είς
751 1124 813 1215 τὴν
835 1127 1054 1197 πολύπλανόν

57 1234 156 1300 τεκαὶ
182 1231 326 1313 οὐδενὸς
354 1232 462 1303 τόπου
490 1236 631 1321 βέβαιον
655 1243 804 1321 οίκησιν,
826 1237 961 1322 πρῶτον
991 1234 1054 1322 μὲν

14 1361 38 1410 46
55 1337 109 1425 γόρ
129 1341 200 1428 περὶ
221 1337 261 1408 τό
284 1339 498 1428 καλούμενον
520 1345 586 1410 νῦν
606 1339 896 1429 Ἀχαικόν”Αργος
918 1339 1054 1432 ᾤκησαν
1068 1365 1094 1404 ιο

54 1444 246 1533 αὐτόχθονες
274 1445 385 1533 ὄντες,
410 1444 455 1528 ῶς
478 1451 514 1517 οί
532 1449 653 1517 πολλοὶ
675 1448 751 1536 περὶ
773 1445 885 1516 αὐτῶν
907 1449 1053 1534 λέγουσι.

51 1552 104 1639 τὴν
129 1553 165 1621 δέ
191 1557 389 1642 ἐπωνυμίαν
417 1559 540 1640 ἔλαβον
562 1555 601 1635 ἐξ
628 1552 733 1643 ἀρχῆς
758 1552 885 1640 ταύτην
907 1555 960 1622 ἐπὶ
991 1557 1053 1622 τού

52 1665 219 1746 Πελασγοῦ
241 1663 414 1749 βασιλέως.
459 1653 503 1748 ἦν
527 1660 566 1730 δέ
588 1658 607 1731 ό
630 1660 808 1748 Πελασγὸς
830 1663 865 1729 ἐκ
889 1659 986 1746 Διὸς,
1009 1658 1092 1742 ῶς3

50 1769 178 1853 λέγεται,
200 1769 257 1836 καὶ
280 1767 414 1854 Νιόβης
435 1771 494 1855 τῆς
515 1769 712 1856 Φορωνέως,
734 1758 757 1856 ᾗ
778 1765 893 1855 πρῶτη
916 1769 1054 1854 γυναικὶ

50 1877 148 1962 θνητῇ
179 1878 332 1960 μίσγεται
364 1872 383 1942 ό
412 1872 497 1955 Ζεύς
529 1872 574 1954 ῶς
601 1873 619 1942 ό
652 1879 763 1962 μῦθος
790 1878 865 1960 ἔχει.
911 1874 986 1962 ἕκτη
1018 1872 1049 1941 δ’
1067 1898 1092 1939 τε

48 1975 179 2068 ὕστερον
201 1983 303 2071 γενεᾷ
324 1980 594 2067 Πελοπόννησον
614 1979 805 2061 ἐκλιπόντες
828 1983 876 2060 είς
897 1977 959 2066 τὴν
977 1979 1052 2050 τότε

48 2084 99 2170 μέν
120 2090 307 2174 Αἱμονίαν,
329 2091 396 2156 νύν
421 2087 459 2156 δὲ
488 2092 670 2156 Θετταλίαν
697 2083 951 2174 ὀνομαζομένην
978 2114 1051 2176 μετ-

48 2194 243 2280 ανέστησαν·
278 2192 426 2281 ἡγοῦντο
464 2194 503 2263 δέ
535 2199 594 2281 τῆς
629 2191 783 2275 ἀποικίας
823 2191 952 2280 Ἀχαιός
995 2195 1051 2262 καὶ

51 2305 150 2378 Φθῖος
171 2301 228 2367 καὶ
243 2298 419 2386 Πελασγὸς
442 2303 478 2369 οί
489 2306 640 2388 Λαρίσης
661 2302 717 2370 καὶ
731 2303 950 2379 Ποσειδῶνος
971 2303 1050 2369 υίοί.

44 2402 237 2493 α’φικόμενοι
267 2403 299 2472 δ’
330 2410 378 2485 είς
403 2403 467 2491 τὴν
495 2409 666 2494 Αίμονίαν
692 2406 772 2486 τούς
796 2434 832 2475 τε
854 2409 1048 2475 κατοικιῶν·
1062 2430 1089 2470 ιο

45 2538 94 2592 τας
125 2515 162 2581 ἐν
194 2510 280 2601 αὐτῇ
314 2511 509 2600 βαρβάρους
544 2512 761 2595 ἐξελαύνουσι
796 2514 853 2580 καὶ
888 2515 1050 2600 νέμονται

46 2618 97 2705 τὴν
127 2619 242 2708 χῶραν
274 2622 391 2707 τριχῇ,
422 2634 493 2700 τοῖς
523 2617 664 2707 ἡγεμόσι
689 2619 890 2708 ποιήσαντες
917 2617 1049 2707 ὁμωνύ-

44 2752 116 2810 μους
137 2724 195 2806 τόις
219 2731 351 2813 μοίρας,
377 2729 531 2794 Φθιῶτιν
553 2727 609 2795 καὶ
629 2725 764 2814 Ἀχαΐαν
786 2728 842 2795 καί
855 2732 1049 2813 Πελασγιῶ-

44 2859 95 2902 τιν.
140 2837 240 2902 πέντε
269 2831 307 2900 δὲ
334 2838 509 2919 μείναντες
535 2830 659 2902 αὐτόθι
686 2833 822 2920 γενεάς,
850 2837 887 2902 ἐν
915 2829 968 2915 αἷς
995 2837 1048 2904 ἐπὶ

44 2939 194 3026 μήκιστον
228 2936 384 3026 εὐτυχίας
413 2937 544 3026 ἤλασαν
574 2936 617 3006 τό
646 2938 806 3028 κράτιστα
835 2945 904 3009 τῶν
937 2943 974 3010 ἐν
1006 2946 1046 3032 τῇ
1061 2962 1087 3003 2⁵

43 3051 191 3138 θετταλίμ
214 3047 343 3113 πεδίων
365 3043 604 3133 καρπούμενοι,
627 3047 702 3134 περὶ
725 3045 787 3134 τὴν
807 3049 904 3135 ἕκτην
927 3046 1047 3136 γενεὰν

100 3199 323 3262 8πολύπλανόυ
345 3205 436 3260 καὶΒ
527 3212 559 3260 11
585 3202 614 3260 οί
635 3207 731 3261 om.B
754 3209 758 3275 Ι
782 3209 847 3275 περὶ
872 3202 968 3263 αὐτῶν
991 3209 1046 3263 del.

43 3276 131 3334 Reiske
207 3282 242 3331 12
272 3272 320 3331 ἐπὶ
342 3277 365 3330 Β
389 3271 447 3332 ἀπὸ
470 3278 496 3331 R
569 3283 602 3331 14
629 3273 727 3348 νιόβης
753 3278 844 3347 τῆςΒ
870 3279 920 3346 τῆς
947 3274 1046 3350 νιόβης

43 3350 80 3402 τού
97 3351 123 3404 R
193 3354 229 3404 16
243 3349 377 3418 μίγνυται
399 3349 423 3403 Β
489 3354 522 3403 16
538 3343 754 3412 ἐκλείποντεςΒ
818 3355 851 3403 19
869 3350 983 3416 λαρίσης
1000 3350 1046 3404 Ba

43 3421 158 3488 λαρίσαης
175 3421 203 3474 Β,
259 3425 294 3473 23
314 3420 440 3488 φθιῶτιν
459 3419 508 3475 καί
525 3419 695 3488 πελόγιῶτιν
709 3420 758 3474 καί
776 3413 918 3488 όχαίανΒ
934 3413 1045 3486 Ἀχαίαν

44 3491 78 3544 καὶ
96 3491 226 3546 Φθιῶτιν
244 3490 294 3544 καί
312 3491 508 3561 Πελασγιῶτιν
526 3489 668 3560 Kiesnling
849 3527 852 3533 ·
