2404 3918
457 245 623 295 ..Γ-

32 408 112 467 σθαι
139 399 204 469 τόν
233 399 338 470 αὐτὸν
366 400 466 482 έάσας
491 400 619 489 τρόπον
642 401 705 489 τήν
735 427 770 471 τε
792 408 980 488 πολιτείαν,
1003 398 1047 490 ἣν

31 507 197 596 πρότερον
222 505 324 596 εἶχον,
348 507 499 588 ἀποδοὺς
516 505 632 589 αὐτοῖς
655 510 788 578 διέλυσε
806 507 868 596 τὴν
888 506 1048 597 στρατιάν

31 617 95 683 καί
119 615 398 705 παραγενόμενος
438 621 486 696 είς
517 613 649 704 Ῥώμην
690 614 752 704 τὴν
792 614 1047 704 τροπαιοφόρον

32 720 195 792 ἀπεδίδου
217 738 289 804 τοῖς
311 733 407 804 θεοῖς
429 722 566 812 πομπήν
593 750 629 793 τε
651 725 707 791 καλ
735 729 864 791 θυσίαν
888 721 1049 810 δεύτερον

35 831 159 898 ἐκεῖνον
183 830 340 919 κατάγων
364 836 547 919 θρίαμβον.
1061 855 1075 897 ε

114 939 255 1006 XXXII.
279 935 376 1008 Μετά
399 938 438 1007 δὲ
460 942 583 1007 τοῦτον
604 935 665 1007 τὸν
683 936 832 1024 πόλεμον
857 939 967 1025 ἕτερος
990 934 1048 1004 ἀν-

39 1047 106 1130 έστη
133 1041 314 1132 Ῥωμαίοις
351 1047 387 1114 έκ
423 1049 484 1114 τοῦ
516 1050 682 1131 Σαβίνων
719 1049 859 1130 ἔθνους,
892 1041 977 1132 ἀρχὴ
1011 1043 1048 1111 βλ

38 1147 132 1218 αὐτοῦ
154 1153 215 1220 καὶ
238 1151 409 1239 πρόφασις
431 1153 562 1238 ἐγένετο
586 1150 715 1220 τοιάδε·
739 1150 832 1240 ίερόν
857 1153 926 1219 ἐστι
948 1153 1047 1238 κοινῇ

41 1255 222 1344 τιμόμενον
242 1255 307 1328 ὑπὸ
323 1263 486 1346 Σαβίνων
504 1258 609 1328 τεκαὶ
624 1264 783 1327 Λατίνων
801 1254 901 1343 ἅγιον
921 1258 959 1326 έν
977 1269 1048 1335 τοῖς

44 1361 118 1430 πάνυ
142 1368 232 1444 θεᾶς
253 1370 444 1453 Φερωνείας
471 1363 731 1452 ὀνομαζομένης,
753 1359 798 1451 ἣν
822 1367 858 1431 οί
879 1361 1046 1452 μεταφρά-
1061 1390 1087 1430 ιο

43 1473 138 1550 ζοντες
160 1477 212 1551 είς
240 1468 302 1558 τὴν
322 1469 467 1538 Ἐλλάδα
494 1474 651 1559 γλῶσσαν
681 1474 716 1539 οί
737 1470 799 1558 μὲν
819 1467 1048 1557 Ἀνθοφόρον,

15 1579 73 1642 ῠθοί
92 1577 126 1646 δὲ
147 1580 420 1665 Φιλοστέφανον,
444 1582 479 1646 οί
496 1577 534 1646 δὲ
555 1575 777 1665 Φερσεφόνην
800 1581 977 1646 καλοῦσιν·
1001 1581 1048 1658 είς

40 1681 74 1768 θη
90 1682 126 1752 τὸ
146 1684 243 1774 ἱερὸν
261 1689 361 1754 τοῦτο
382 1683 552 1773 συνῄεσαν
572 1687 608 1754 έκ
628 1688 697 1753 τῶν
715 1690 897 1772 περιοίκων
916 1683 1048 1754 πόλεων

39 1788 110 1857 κατὰ
139 1788 200 1871 τὰς
234 1789 518 1878 ἀποδεδειγμένας
550 1789 666 1878 ἑορτάς
701 1791 822 1859 πολλοὶ
855 1789 916 1878 μὲν
949 1789 1048 1878 εόχάς

40 1892 252 1978 ἀποδιδόντες
277 1899 334 1966 καί
361 1903 487 1978 θυσίας
518 1901 558 1987 τῇ
591 1902 678 1990 θεῷ,
710 1899 830 1966 πολλοὶ
859 1896 897 1965 δὲ
923 1924 1045 1987 χρημα-
1060 1923 1086 1962 1⁵

41 2002 200 2090 τιοόμενοι
231 2003 288 2072 όιά
315 2005 377 2092 τὴν
404 2003 598 2092 πανήγυριν
628 2010 772 2094 ἔμποροί
793 2031 829 2073 τε
858 2005 915 2073 καὶ
937 2031 1046 2093 χειρο-

40 2110 140 2194 τέχναι
166 2113 225 2180 καὶ
257 2116 417 2200 γεωργοί,
448 2110 574 2200 ἀγοραί
601 2137 637 2181 τε
656 2110 788 2194 ,αὐτόθι
817 2111 1046 2198 λαμπρόταται

41 2218 96 2282 τόν
119 2219 156 2286 ἐν
178 2217 297 2299 ἀλλοις
318 2219 387 2287 τισὶ
408 2218 524 2300 τόποις
542 2222 601 2306 τῆς
620 2216 761 2299 Ἰταλίας
783 2216 961 2306 ἀγομένων
979 2221 1045 2304 ένί-

42 2346 139 2392 υοντο.
185 2329 234 2404 είς
256 2324 382 2412 ταύτην
409 2324 448 2393 δὲ
469 2324 532 2415 τὴν
562 2324 754 2414 πανήγυριν
779 2324 943 2408 ἐλθόντας
965 2325 1082 2394 ποτέ2

41 2421 198 2515 Ῥωμαίων
223 2430 352 2518 ἀνδρας
371 2429 432 2500 οὐκ
450 2428 593 2517 ἀφανεῖς
611 2437 762 2517 Σαβῖνοί
779 2460 870 2513 τινες
893 2431 1042 2522 [ἀνδρες]
1058 2457 1086 2498 ιο

44 2538 305 2625 συναρπάσαντες
319 2541 445 2624 ἔδησαν
459 2538 515 2605 καί
533 2535 574 2605 τά
593 2538 744 2626 χρήματα
762 2537 954 2627 ἀφείλοντο,
968 2565 1046 2630 πρε-

45 2646 141 2724 σβείας
165 2673 203 2716 τε
230 2645 306 2734 περὶ
341 2641 454 2712 αὐτῶν
486 2640 696 2731 ἀφικομένης
729 2642 831 2714 οὐδὲν
857 2646 1044 2733 ἐβούλοντο

45 2750 98 2815 τόν
129 2754 270 2820 δικαίων
302 2764 429 2836 ποιεῖν,
466 2747 551 2817 ἀλλά
581 2751 638 2818 καὶ
669 2749 710 2818 τά
747 2751 884 2840 στόματα
916 2755 973 2822 καὶ
1004 2753 1045 2822 τά

45 2853 177 2941 χρήματα
213 2862 282 2928 τῶν
324 2857 592 2944 συλληφθέντων
634 2869 788 2946 κατεῖχον
826 2862 1046 2946 ἐγκαλοῦντες

46 2960 89 3026 καὶ
109 2963 202 3034 αὐτοὶ
220 2963 407 3053 Ῥωμαίοις,
431 2961 585 3064 ὅτιῖτοάς
603 2967 767 3051 Σαβίνων
786 2964 943 3052 φυγάδας
965 2965 1043 3037 ὑπε-
1057 2992 1084 3034 ει

48 3059 167 3152 ἀέχοντο
194 3071 502 3148 κατασκευάσαντες
528 3066 657 3138 ἀσνλον
686 3070 795 3159 ίερόν,
824 3069 909 3162 ὑπὲρ
933 3065 982 3142 τόν
1006 3079 1043 3144 έν

105 3235 119 3283 6
136 3229 167 3287 δέ
186 3250 241 3289 om.
260 3223 283 3284 Β
343 3236 358 3284 9
378 3232 498 3284 λατίνων
516 3247 546 3285 τε
566 3230 615 3284 καλ
630 3231 754 3301 σαβίνων
773 3231 795 3286 Β
856 3240 889 3290 10
908 3236 1043 3309 φ<ε>ρω-

49 3297 152 3376 quaen
233 3295 548 3374 11ἀνθ<ο>φόροτΒ
630 3307 663 3356 13
687 3297 723 3371 εὴ
747 3303 769 3356 Β
793 3300 875 3359 εεω
953 3314 986 3363 18
1011 3304 1042 3364 ἐι
1134 3313 1141 3332 ·

50 3367 124 3448 ἅλλοις
144 3371 240 3437 ολςτισι
268 3369 367 3435 τόποις
392 3390 415 3427 ο.
440 3371 556 3428 βυβλίου
578 3371 690 3428 Μελεαι.
715 3373 776 3428 erit.
801 3393 828 3444 p.
848 3382 863 3429 7
942 3384 976 3433 19
995 3377 1042 3450 δὲ]

50 3433 76 3521 θη
96 3440 208 3501 Βεαᾱλει·
230 3445 322 3500 Τῖτος.
346 3462 374 3514 p.
393 3450 428 3499 30
513 3449 548 3498 20
571 3439 676 3514 ἄνδρες
700 3461 754 3500 om.
778 3445 801 3498 B
882 3454 916 3503 22
940 3445 1043 3519 ἀφικο-

52 3522 120 3578 μὲληο
135 3517 196 3588 περὶ
214 3511 311 3572 αάτῶν
330 3515 352 3570 0
371 3517 483 3585 praeter
500 3515 523 3568 B

824 3611 882 3664 22*
