2408 3928
464 251 631 302 -Γ-

39 407 173 496 πότεροι
201 411 269 477 τῶν
298 405 526 496 εὐγνωμόνων
559 407 699 498 ἀρξουσι
727 406 854 494 λόγων,
884 406 978 494 ἑτέρα
1005 433 1056 487 τις

41 513 124 602 ἡμᾶς
146 511 277 603 ἀυάγκη
300 521 460 605 κρείττων
483 513 631 596 ἅπαντος
648 513 872 602 ἀνθρωπίνου
890 517 1055 602 λογισμοῦ

40 624 267 711 περιλαβοῦσα
289 621 445 709 συνάγει·
476 617 520 710 ἣν
544 621 609 710 έγῶ
631 621 827 711 πυθόμενος
854 626 902 691 ἐτι
925 620 1055 690 λανθά-

41 748 168 798 νουσαν
190 727 279 818 ῦμάς
303 727 411 799 οὐκέτ’
436 726 554 821 ιβόμην
578 732 652 798 δεῖν
678 732 738 816 τῆς
767 727 964 819 εὐπρεπείας
985 731 1053 798 τῶν

43 838 230 922 διαλλαγῶν
258 835 486 923 στοχάζεσθαι.
536 834 645 905 δειναὶ
672 834 754 922 γάρ,
784 827 810 904 ῶ
843 835 964 922 Τύλλε,
993 859 1082 922 μνη-ε

43 942 136 1028 χαναλ
165 943 344 1012 πλέκονται
370 940 451 1010 καθ’
476 939 574 1031 ἡμῶν
605 942 662 1012 καὶ
695 941 796 1023 δόλος
825 942 974 1030 ἄφυκτος
1003 935 1077 1028 έό-’

44 1073 159 1134 ραπται
181 1046 254 1117 κατ’
280 1047 495 1138 ἀμφοτέρων,
523 1045 561 1130 ῦς
584 1053 721 1138 ἔμελλεν
743 1047 875 1118 ἀκονιτὶ
897 1049 954 1118 καὶ
978 1051 1055 1136 δίχα

45 1153 146 1224 τόνου
183 1155 295 1225 πάντα
330 1161 529 1244 συντρίψειν
560 1157 617 1224 καὶ
649 1160 852 1246 διαφθερεῖν
886 1152 982 1243 ἡμῶν
1013 1153 1054 1224 τὰ

48 1261 214 1350 πράγματα
232 1262 339 1352 πυρὸς
361 1259 382 1351 ἢ
402 1267 554 1351 ποταμοῦ
574 1267 672 1351 δίκην
693 1262 854 1352 ἐμπεσῶν.
895 1267 1053 1351 δημιουρ·
1075 1261 1093 1326 7

49 1368 93 1452 γολ
113 1368 153 1438 δὲ
180 1373 250 1439 τῶν
281 1367 431 1439 ἀνοσίων
459 1370 700 1459 βουλευμάτων
729 1372 816 1439 είσὶν
845 1373 881 1438 οί
904 1368 1054 1438 δυνατῶ-
1069 1394 1095 1434 ιο

47 1500 132 1544 τατοι
167 1479 366 1562 Φιδηναίων
401 1503 437 1546 τε
477 1477 533 1546 καλ
567 1475 784 1547 Οὐιεντανῶν
821 1475 1055 1557 συνελθόντες.

7 1577 130 1662 ινιῦστις
155 1582 193 1651 δέ
217 1579 235 1652 ὁ
254 1587 313 1671 τῆς
335 1585 517 1672 ἐπιβουλῆς
535 1582 648 1654 αὐτῶν
666 1583 790 1673 τρόπος
808 1575 851 1672 ἦν
870 1585 926 1652 καὶ
944 1582 1054 1652 πόθεν

43 1692 84 1768 είς
106 1688 164 1777 ἐμὲ
186 1687 208 1777 ἡ
232 1694 301 1759 τῶν
330 1688 532 1781 ἀπορρήτων
559 1690 801 1779 βουλευμάτων
829 1693 955 1778 γνῶσις
982 1689 1055 1777 ἐλή-

43 1802 144 1866 λυθεν
167 1795 342 1866 ἀκούσατε.

124 1905 217 1972 VIII.
255 1902 355 1974 Ταῦτ’
386 1903 490 1975 είπῶν
523 1907 645 1973 δίδωσι
676 1908 744 1973 τῶν
776 1902 955 1990 παρόντων
987 1903 1054 1972 τιυὶ
1071 1926 1096 1967 1⁵

45 2005 234 2096 ἀναγνῶναι
268 2008 328 2092 τάς
363 2010 555 2098 ἐπιστολάς,
591 2007 632 2091 ἀς
668 2008 757 2103 αὐτῷ
793 2008 975 2097 κεκομικῶς
1005 2036 1055 2088 τις

45 2114 198 2204 ἐτύγχανε
225 2115 315 2206 παρὰ
343 2122 412 2188 τῶν
440 2118 478 2186 ἐν
504 2117 637 2206 Φιδήνη
666 2118 773 2200 ξένων
800 2117 857 2184 καὶ
879 2115 940 2186 τὸν
962 2121 1054 2205 κομί-

46 2241 143 2292 σαντα
179 2220 283 2304 αῦτδς
317 2225 521 2314 παρήγαγεν.
580 2222 870 2311 ἀναγνωσθεισῶν
912 2222 950 2291 δέ
985 2226 1071 2293 τῶν

47 2331 222 2400 ἐπιστολῶν
250 2331 306 2398 καλ
332 2335 394 2400 τοῦ
420 2329 548 2419 ἀνδρὸς
575 2332 827 2420 ἐξηγησαμένου
853 2329 963 2398 πάντα
992 2326 1055 2399 ὅσα

46 2437 125 2525 παρὰ
148 2443 218 2508 τῶν
242 2439 485 2527 ἐπιτιθεμένων
508 2435 611 2518 αῦτάς
633 2437 699 2507 ἀπὸ
723 2438 887 2525 στόματος
908 2436 1054 2524 ἤκουσεν
1068 2463 1095 2504 ιο

47 2543 222 2632 ἐκπλήξεως
248 2571 285 2614 τε
316 2544 462 2633 μεγάλης
491 2543 723 2633 κατασχούσης
751 2543 831 2624 τοῦς
857 2541 1054 2630 ἀκούοντας,

48 2645 96 2719 οἷα
125 2650 214 2732 είκὸς
247 2652 301 2721 ἐπὶ
331 2651 516 2745 τηλικούτφ
552 2655 643 2744 κακῶ
675 2649 754 2739 παρ’
784 2653 922 2730 ἐλπίδας
953 2649 1055 2720 ἀκον-

48 2759 170 2846 σθέντι,
199 2756 321 2847 μικρὸν
349 2755 493 2845 ἐπισχῶν
521 2755 540 2827 ὁ
568 2760 776 2845 Φουφέττιος
800 2755 903 2825 πόλιν
931 2759 1053 2839 ἔλεξεν·

45 2859 209 2952 Ἀκηκόατε
241 2863 300 2946 τδις
332 2869 457 2952 αἰτίας,
489 2864 612 2952 ἀνδρες
634 2862 808 2951 Ῥωμαῖοι,
841 2862 886 2931 δι’
917 2860 957 2944 ἃς
988 2862 1094 2951 ἐγῶ2

48 2971 118 3052 τέως
136 2972 244 3060 <μέν>
263 2968 499 3059 ἀνεβαλλόμην
522 2969 602 3052 τοῦς
619 2968 703 3060 πρὸς
721 2966 808 3058 ὑμᾶς
826 2967 970 3056 ἀγῶνας,
985 2972 1052 3038 νῦν
1069 2988 1095 3030 2⁵

111 3162 289 3231 λπαντδςΟ
354 3168 494 3223 ἐδεὶΒο.
561 3167 644 3222 vm
662 3167 729 3236 δίχα
747 3159 839 3221 πόνου
854 3164 908 3220 del.
922 3163 1053 3219 Meineke

51 3237 258 3309 ὃδιαφθείρειν
280 3239 304 3292 Β
395 3244 426 3293 11
452 3239 628 3308 φειδηναίων
651 3237 675 3291 Β
766 3242 800 3292 13
824 3230 1005 3304 είςελήλυθεν
1027 3236 1054 3288 Α

53 3311 80 3360 19
92 3309 297 3380 διηγησαμένου
317 3326 341 3365 ο.
352 3309 442 3366 Cobet
454 3310 526 3365 Nov.
536 3309 614 3364 Lect.
624 3327 651 3379 p.
662 3313 724 3377 290,
739 3308 805 3363 Obs.
816 3324 843 3376 p.
854 3311 888 3361 59
943 3310 978 3360 20
994 3302 1053 3360 ἐπι-

52 3374 150 3436 θέντων
164 3381 253 3438 Cobet
268 3380 335 3435 Obs.
349 3399 377 3452 p.
392 3386 436 3451 59,
456 3376 637 3450 ἐπιθεμένων
651 3379 790 3435 Bfloheler
861 3382 896 3432 23
914 3371 1016 3446 μικρὸν
1029 3375 1053 3429 Β

53 3452 137 3506 om.R
207 3458 243 3506 24
263 3447 319 3522 ἐγῶ
338 3470 368 3507 τε
388 3450 421 3522 0,
445 3447 531 3521 ἔγωγε
553 3451 683 3522 Sylburg,
708 3445 763 3519 ἐγὼ
786 3448 855 3510 τέως
879 3444 931 3517 μέν
949 3446 1054 3506 Reiske

53 3522 82 3572 25
97 3515 271 3596 ἀνεβαλόμην
290 3524 315 3577 Α
