2404 3918
134 218 202 284 304
560 219 727 270 -Γ-

136 377 328 466 ἀμφοτέρας
343 375 404 460 τὰς
422 375 595 464 ίυνάμεις·
624 379 735 445 ἔπειτα
752 371 956 461 ἀναβοήσεις
974 398 1011 441 τε
1028 369 1143 459 ἀθρόαι
1187 466 1188 469 ¹

134 482 214 574 παρ’
244 481 446 573 ἀμφοτέρων
478 481 590 554 αὐτῶν
623 485 779 569 έγίυουτο
810 482 867 550 καὶ
897 477 1144 571 παρακελεύσεις

136 605 208 673 τοῖς
239 591 442 680 μαχομένοις
473 588 614 673 έναλλάξ
646 587 745 677 εὐχαί
772 615 808 660 τε
838 589 895 658 καὶ
928 587 1072 676 οἰμωγαὶ
1099 586 1144 654 καί
1188 653 1189 656 ,

137 696 264 780 παντὸς
286 695 393 767 ἀλλον
414 696 550 778 πόθους
577 698 768 783 ἐναγωνίου
795 696 909 783 φωναὶ
932 705 1099 782 συνεχεῖς,
1119 695 1146 759 αί

99 841 112 883 5
139 803 201 892 μὲν
223 803 309 892 πρὸς
330 802 371 873 τά
395 802 552 893 ἀρόμενά
579 805 693 874 τεκαὶ
720 799 875 892 ὁρώμενα
894 799 954 890 ὑφ’
982 801 1146 888 ἑκατέρων,

99 915 177 988 2αί
198 909 236 979 δὲ
258 907 342 998 πρὸς
363 908 404 978 τά
423 910 589 998 μέλλοντά
611 913 720 979 τεκαὶ
742 907 1014 998 ὑποπτευόμενα·
1036 897 1146 992 καὶῆν

139 1023 242 1087 πλείω
261 1015 302 1086 τά
320 1016 516 1106 εἰκαζόμενα
533 1020 603 1087 τῶν
620 1018 822 1106 γινομένων.
849 1014 877 1104 ἥ
889 1043 925 1085 τε
942 1013 1008 1104 γάρ
1028 1013 1105 1097 ὄψις
1120 1016 1147 1082 ἐκ

140 1128 269 1194 πολλοῦ
284 1124 508 1214 διαστήματος
526 1125 689 1213 γινομένη
703 1123 791 1193 πολὺ
807 1123 846 1194 τὸ
866 1123 995 1212 ἀσαφές
1013 1120 1091 1211 εἰχε,
1103 1122 1147 1190 καλ

140 1230 178 1301 τὸ
202 1229 287 1318 πρὸς
313 1230 392 1312 τοὺς
420 1236 564 1313 οἰκείους
592 1230 781 1320 ἀγωνιστὰς
807 1231 959 1312 ἕκάστοις
985 1228 1148 1320 συμπαθὲς

102 1375 129 1415 10
142 1337 195 1408 ἐπὶ
217 1338 255 1407 τὸ
280 1340 535 1427 βεβουλημένον
558 1339 725 1426 ἐλάμβανε
746 1336 788 1407 τά
810 1336 1045 1427 πρασσόμενα,
1069 1339 1107 1405 αλ
1122 1361 1147 1404 τε

143 1459 294 1533 συνεχεῖς
319 1451 389 1516 τῶν
417 1446 617 1534 μαχομένων
636 1445 834 1533 ἐπεμβάσεις
856 1446 913 1514 καί
935 1442 1176 1533 ἀπαναχωρη-ίδῖ

143 1572 213 1634 σεις
229 1555 286 1622 καί
304 1558 353 1634 εἰς
376 1551 414 1623 τὸ
433 1550 620 1622 ἀντίπαλον
644 1544 747 1632 αὖθις
768 1548 1062 1639 ἀντιμεταστάσεις
1082 1557 1149 1619 πολ-

143 1661 199 1728 λαί
221 1661 277 1729 καί
301 1658 522 1748 ἀγχίστροφοι
539 1658 718 1747 γινόμεναι
740 1657 778 1729 τὸ
797 1658 933 1748 ἀκριβές
949 1662 1010 1746 τῆς
1027 1656 1150 1746 γνώμης

104 1774 125 1839 3
143 1765 354 1856 ἀφηροῦντο·
377 1767 434 1836 καί
451 1771 556 1837 ταῦτα
574 1767 628 1835 έπί
646 1765 755 1836 πολὺν
774 1769 902 1855 ἐγίνετο
921 1765 1057 1856 χρόνον.
1097 1760 1150 1852 βό

105 1905 131 1947 ιι
145 1900 212 1963 μην
241 1899 276 1944 τε
302 1873 366 1964 γάρ
394 1874 547 1963 σοι’ματος
570 1879 691 1962 ἔτυχον
713 1871 835 1962 ὁμοίαν
858 1870 1151 1962 ἒχοντεςὲκάτεροι
1193 1881 1194 1920 ³

144 1982 200 2051 καί
218 1980 257 2051 τὸ
276 1996 438 2069 γενναῖον
456 1986 515 2070 τῆς
532 1985 642 2070 ψυχῆς
660 1981 845 2070 ἰσόρροπον
865 1979 982 2062 όπλοις
998 2006 1035 2051 τε
1051 1981 1152 2048 καλλί-

145 2106 237 2169 στοις
259 2090 499 2176 ἐσκεπασμένοι
521 2086 562 2158 τά
585 2087 722 2176 σοι’ματα
745 2085 808 2157 όλα
824 2089 881 2157 καί
903 2085 1037 2176 γυμνὸν
1061 2082 1152 2154 οὐδὲν

145 2191 366 2275 ἀπολιπόντες
396 2197 498 2284 μέρος
525 2192 599 2264 ὅτι
625 2196 683 2264 καί
713 2195 850 2284 τρωθέν
882 2193 996 2277 ὀξεῖαν
1028 2197 1152 2281 ἔμελλεν

147 2310 255 2371 οἰσειν
286 2299 349 2388 τὴν
380 2301 555 2389 τελευτήν,
587 2300 672 2371 ὥστε
702 2302 823 2370 πολλοὶ
843 2299 1018 2389 Ῥωμαίων
1048 2297 1152 2370 τεκαὶ

107 2404 317 2497 ονἈλβανοῖν
345 2410 382 2477 ἐκ
408 2412 469 2477 τοῦ
496 2403 704 2494 φιλονεικεῖν
730 2433 766 2478 τε
792 2408 849 2476 καί
878 2417 1073 2496 συμπαθεῖν
1093 2409 1154 2482 τοῖς

148 2517 323 2604 σφετέροις
349 2520 477 2584 ἔλαθον
505 2512 628 2595 αὑτοὺς
654 2512 692 2584 τὸ
716 2519 785 2584 τῶν
811 2515 1085 2585 κινδυνευόντων
1106 2537 1153 2599 με·

148 2622 350 2709 ταλαβόντες
381 2621 494 2702 πόθος
529 2618 718 2709 ἀγωνισταί
750 2647 786 2691 τε
821 2625 950 2709 μᾶλλον
983 2619 1153 2707 ἐβούλοντο

109 2725 170 2817 4ἢ
206 2729 328 2797 θεαταὶ
363 2733 432 2798 τῶν
476 2732 662 2818 δρωμένων
697 2732 884 2816 γεγονέναι.
939 2725 1003 2811 ὀψέ
1040 2724 1071 2795 δ’
1099 2715 1154 2793 οὖν

149 2859 229 2905 ποτε
258 2833 277 2904 ὁ
306 2835 533 2923 πρεσβύτατος
563 2839 632 2905 τῶν
661 2834 834 2922 Ἀλβανῶν
866 2840 911 2930 τῷ
944 2832 1030 2924 πρὸς
1062 2828 1153 2900 αάτὸν

111 2960 136 3002 2⁵
151 2941 416 3036 ἀντιτεταγμένῳ
447 2943 667 3031 συμπλέκεται
695 2947 805 3011 παίων
833 2968 870 3010 τε
899 2942 956 3010 καί
984 2938 1153 3028 παιόμενος

222 3145 238 3194 2
259 3134 353 3194 αὐτῶν
372 3139 426 3196 del.
445 3138 574 3194 Hertlein
587 3139 703 3194 Hermes
717 3137 743 3190 X
756 3156 784 3207 p.
799 3144 849 3192 411
924 3143 940 3192 ’ί
960 3131 1152 3222 εἰναζόμεναβ

152 3206 322 3280 εἰκαζόμενοί
351 3229 380 3264 τε
409 3210 459 3264 καὶ
487 3205 617 3279 δρώμενα
640 3211 666 3263 R
698 3203 868 3279 εἰκαζόμενά
893 3227 923 3264 τε
951 3208 1001 3263 καί
1050 3229 1066 3278 η
1092 3207 1151 3270 δρα·

153 3299 226 3348 μενα
244 3297 267 3336 ο.
281 3279 386 3334 Reiske
458 3285 492 3334 10
513 3278 737 3352 βεβουλευμένον
757 3279 779 3334 O
800 3279 1010 3351 βεβουλημένον
1055 3279 1062 3291 ’
1113 3275 1118 3286 ’

155 3356 187 3403 12
206 3346 239 3402 τὸ
257 3350 324 3404 Bet
341 3350 444 3404 Reiske
461 3345 512 3403 τὸν
531 3350 556 3403 R
620 3355 653 3403 13
672 3344 858 3419 ἀγχίστροφοι
875 3350 899 3403 Β
916 3346 1129 3420 ἀντίστροφοιβ
1147 3343 1150 3410 !

154 3416 298 3538 χωόμενοι
317 3419 340 3472 Β
362 3414 513 3488 γενόμενοι
525 3420 551 3472 R
614 3415 813 3509 14ηέγίνετοΒ
833 3415 961 3490 ἐγίνοντο
974 3422 1000 3476 R
1062 3409 1153 3503 1351α

201 3503 256 3543 οω.
279 3488 305 3542 R
388 3496 421 3543 20
445 3492 674 3558 σνμφιλονεικειν
707 3507 731 3545 ο.
755 3491 913 3562 Stephanus
998 3496 1033 3546 21
1057 3509 1087 3545 το
1109 3485 1153 3541 ΑΒ
