2408 3928
150 244 219 310 284
576 275 610 287 -
649 249 744 301 Γ-

152 402 214 474 ούκ
241 403 417 494 ἠξιοῦμεν,
445 407 577 495 ἐπείπερ
607 402 683 474 οὐδ’
709 403 857 493 ἤρξαμεν
886 401 983 474 αὐτοὶ
1009 401 1153 492 πρότεροι

150 516 212 582 τοῦ
244 514 409 602 πολέμου,
441 511 607 602 ἄρξαντας
639 513 677 581 δέ
708 511 922 601 ἠμυνάμεθα.
972 508 1153 598 ἀποτιθεμέ-

151 647 222 689 νων
261 620 299 689 δὲ
334 617 431 708 ὑμῶν
467 618 507 688 τά
547 617 634 688 ὅπλα
672 619 842 707 δεχόμεθα
876 617 936 699 τὰς
970 617 1154 708 προκλήσεις

151 725 293 814 ἀσμενοι
316 727 372 796 καὶ
394 728 471 815 περὶ
494 730 687 813 διαλλαγῶν
710 725 813 796 οὐδέν
836 725 1186 815 ἀκριβολογούμεθα,111

112 857 125 899 σ
151 831 238 902 ἀλλά
268 832 328 914 τάς
363 837 540 922 κρατίστας
570 859 606 903 τε
642 834 698 901 καὶ
730 832 1047 922 μεγαλοψυχοτάτας
1079 829 1155 917 δεχό-

152 948 241 1028 μεθα
268 944 336 1009 πᾶν
364 938 511 1028 ἀδίκημα
537 940 595 1008 καὶ
621 943 690 1009 πάυ
713 939 892 1029 ἀμάρτημα
920 942 980 1026 τής
999 936 1157 1025 Ἀλβανῶν

151 1045 281 1126 πόλεως
304 1044 474 1134 ἀφιέντες,
500 1050 531 1116 εἰ
553 1045 596 1135 δή
618 1049 676 1115 καὶ
697 1044 797 1115 κοινὰ
819 1044 882 1136 χρή
904 1053 1019 1114 καλεῖν
1044 1037 1157 1122 πόλεως

152 1149 386 1241 ἁμαρτήματα,
419 1146 468 1222 ῶν
497 1151 514 1223 ὁ
544 1150 727 1242 στρατηγὸς
755 1151 852 1241 ὑμῶν
874 1157 1038 1232 Κλοίλιος
1068 1161 1158 1230 αἴτιος

152 1251 212 1346 ήν,
236 1256 274 1340 δς
296 1257 380 1348 ὑπὲρ
404 1259 605 1349 ἀμφοτέροιν
633 1258 729 1347 ήμῶν
761 1257 802 1329 ού
825 1257 972 1348 μεμπτάς
994 1261 1101 1329 τέτικε
1121 1261 1157 1324 δι’·

113 1345 213 1475 ᾗκας
234 1379 306 1448 τοῖς
328 1376 433 1448 θεοῖς.
478 1365 634 1454 ἀφείσθω
663 1367 705 1454 δή
733 1369 825 1435 πάσα
852 1365 1060 1453 ἐγκλήματος
1083 1369 1158 1432 ἰδίου

152 1499 189 1542 τε
215 1474 271 1542 καὶ
301 1478 421 1543 κοινοῦ
447 1473 617 1562 πρόφασις
643 1474 699 1542 καὶ
723 1470 869 1560 μηδενός
893 1477 941 1542 ἔτι
964 1472 1082 1560 μνήμη
1103 1475 1158 1540 τόν

153 1580 441 1670 παρεληλυθότων
461 1586 545 1650 ἔστω
563 1585 687 1667 κακῶν,
706 1577 752 1661 ῶς
769 1580 826 1648 καὶ
845 1583 910 1666 σοί,
930 1571 1001 1667 <ῶ>
1021 1581 1159 1666 Φουφέτ-

153 1713 217 1773 τιε,
246 1690 352 1756 δοκεῖ·
385 1685 459 1756 ἀλλ’
486 1685 550 1757 ούκ
572 1685 703 1777 ἀπόχρη
725 1691 827 1756 τοῦτο
856 1686 965 1775 μόνον
987 1683 1078 1774 ήμάς
1099 1705 1159 1754 σκο-

153 1806 245 1879 πεῖν,
275 1791 365 1874 ὅπως
391 1789 435 1862 ἀν
462 1794 526 1882 τήν
558 1799 734 1882 παροῦσαν
766 1800 894 1884 ἔχθραν
924 1798 1161 1882 διαλυσαίμεθα

114 1929 140 1970 ισ
154 1899 238 1989 πρὸς
265 1897 447 1988 ἀλλήλους,
476 1899 550 1970 ἀλλ’
576 1900 667 1981 ὅπως
693 1899 772 1989 μηδ’
799 1893 903 1981 αύθίς
928 1925 1009 1970 ποτε
1031 1899 1162 1988 πολεμή-
1192 1913 1195 1922 ⁴

154 2025 258 2095 σομεν
292 2012 339 2077 ἔτι
377 2010 431 2076 δεῖ
459 2009 795 2097 παρασκευάσασθαι·
834 2005 876 2076 ού
907 2005 972 2096 γάρ
1004 2005 1163 2094 ἀναβολὰς

153 2110 375 2202 ποιησόμενοι
403 2117 472 2183 τῶν
499 2118 614 2183 κακῶν
640 2113 937 2202 συνεληλύθαμεν,
970 2111 1046 2181 ἀλλ’
1072 2111 1162 2181 ἀπαλ-

153 2219 268 2306 λαγάς.
305 2226 355 2300 τίς
374 2213 438 2290 ούν
456 2218 478 2309 ή
497 2227 617 2309 βεβαία
634 2226 696 2290 τού
715 2223 865 2310 πολέμου
882 2220 1065 2302 κατάλυσις
1083 2226 1162 2289 ἔσται

153 2327 210 2395 καὶ
239 2329 275 2395 τί
306 2327 535 2415 παρασχόντες
566 2333 614 2409 εἰς
644 2327 685 2397 τά
716 2328 894 2416 πράγματα
926 2327 1077 2416 ἑκάτεροι
1107 2331 1162 2396 νῦν

113 2469 140 2510 20
153 2457 189 2500 τε
216 2434 272 2502 καὶ
303 2438 351 2514 εἰς
376 2431 438 2502 τὸν
466 2431 518 2502 ἀεὶ
549 2435 676 2523 χρόνον
709 2433 859 2523 ἐσόμεθα
891 2439 1005 2523 φίλοι,
1039 2434 1081 2503 σὺ
1110 2433 1163 2520 μὲν

154 2541 347 2627 παρέλιπες,
371 2530 397 2608 ῶ
425 2543 627 2628 Φουφέττιε,
651 2541 716 2629 έγῶ
740 2541 772 2610 δ’
798 2547 847 2610 ἔτι
868 2542 924 2610 καὶ
949 2544 1051 2611 τοῦτο
1073 2559 1164 2627 προσ-

113 2649 136 2712 4
155 2653 270 2713 θεῖναι
293 2646 504 2735 πειράσομαι.
550 2653 582 2717 εἰ
602 2649 789 2718 παύσαιντο
817 2648 880 2736 μὲν
901 2645 1060 2735 Ἀλβανολ
1086 2657 1165 2734 φθο-

155 2752 295 2832 νοῦντες
312 2751 487 2842 Ῥωμαίοις
510 2752 564 2843 ἐφ’
592 2749 642 2835 οἷς
665 2760 801 2842 ἔχουσιν
820 2753 977 2843 ἀγαθοῖς,
1001 2753 1064 2825 ούκ
1085 2752 1197 2823 ἀνευλλ

155 2859 310 2949 μεγάλων
336 2861 510 2932 κινδύνων
540 2862 597 2930 καὶ
628 2861 746 2931 πόνων
776 2869 913 2930 πολλιιν
941 2861 1027 2932 αύτά
1053 2861 1163 2949 κτησό-

113 2981 140 3025 16
155 2994 267 3057 μενοι,
295 2966 417 3056 (ούθέυ
444 2971 530 3055 γοῦν
558 2968 766 3050 πεπονθότες
795 2965 856 3056 ὑφ’
881 2966 981 3056 ήμῶν
1005 2969 1081 3038 οὔτε
1102 2981 1163 3055 μετ’,

156 3081 214 3160 ζον
239 3075 315 3145 ούτε
344 3081 482 3145 ἔλαττον
507 3074 613 3145 κακὸν
645 3075 702 3143 διά
724 3079 823 3144 τούτο
847 3089 973 3163 μισεῖτε
994 3073 1095 3164 ήμόις,
1115 3073 1162 3144 ότι

226 3244 242 3293 3
261 3233 331 3362 δχῖν
350 3236 395 3292 Ba
449 3239 465 3291 8
485 3239 614 3300 Κλοιλιος
633 3231 719 3308 μόνος
738 3252 761 3292 ο.
778 3233 866 3290 Cobet
883 3234 949 3290 Obs.
963 3253 992 3306 p.
1008 3241 1043 3291 60
1095 3237 1123 3290 12
1142 3223 1162 3286 ἀ

154 3309 267 3365 addidit
305 3308 423 3378 iesuling
478 3313 511 3362 15
533 3301 610 3371 ὅπως
620 3338 654 3348 -
664 3303 860 3378 πολεμήσομεν
873 3306 1003 3362 Ηοτσλεὶυ
1017 3303 1162 3362 HermesX

154 3398 181 3464 ρ,
206 3384 258 3434 411
288 3377 378 3434 Cobet
406 3379 472 3434 Obs.
500 3396 528 3449 p.
552 3385 587 3435 60
615 3372 692 3442 ὅπως
713 3397 794 3448 γε-
807 3373 1004 3449 πολεμήσομεν
1032 3376 1162 3444 Kiessling

155 3466 225 3502 ωστε
241 3444 535 3518 -πολεμήσωμενΟ
609 3454 642 3504 21
664 3445 718 3518 έγῶ
739 3449 771 3506 δέ
795 3469 822 3503 τι
844 3447 894 3504 καὶ
911 3447 938 3502 A
1011 3457 1046 3506 24
1063 3447 1161 3503 πολλῶν

156 3533 210 3572 om.
228 3519 254 3570 A
326 3523 361 3572 26
380 3523 472 3588 μισεῖν
491 3536 522 3572 τε
541 3518 588 3572 Bb
