2396 3918
149 211 213 276 158
569 212 733 266 -B-

106 384 127 449 6
145 372 233 460 νηρά
257 371 506 460 ἐπιτηδεύματα
523 374 693 440 ἐπιτελεῖν.
733 377 797 458 ἔφη
815 397 851 439 τε
869 371 959 460 παρά
977 374 1046 440 τῶν
1067 391 1142 457 πρεσ-

145 478 297 564 βυτέρων
315 479 371 546 καὶ
391 476 447 547 διά
465 483 590 565 πολλῆς
608 481 757 564 ἱστορίας
775 477 995 566 ἐληλυθότων
1015 474 1143 563 ἀκούειν,

147 582 199 653 ὅτι
222 586 342 654 πολλαὶ
365 585 427 673 μὲν
455 581 605 654 ἀποικίαι
632 583 774 673 μεγάλαι
800 585 857 653 καὶ
885 589 933 665 είς
961 583 1144 672 εὐδαίμονας

146 689 350 780 ἀφικόμεναι
376 692 516 778 τόπους,
546 696 585 761 ac
608 692 671 780 μὲν
699 691 820 762 αὐτίκα
852 691 1091 780 διεφθάρησαν
1112 696 1145 770 είς

118 798 278 880 εστάσεις
300 801 516 888 ἐμπεσοῦσαι,
538 803 577 868 ac
598 797 630 867 δ’
651 797 771 886 ὀλύγου
794 795 1016 886 ἀντισχοῦσαι
1039 798 1145 886 χρόνω
1191 853 1192 874 ,

145 903 289 993 ὑπήκοοι
320 920 391 988 τοῖς
423 905 666 995 πλησιοχώροις
698 904 966 994 ἠναγκάσθησαν
999 907 1176 994 γενέσθαιιει

145 1013 201 1081 καί
223 1011 301 1082 ἀντὶ
323 1019 514 1102 κρείττονος
536 1012 657 1101 χώρας,
681 1009 725 1102 ἣν
748 1016 920 1101 κατέσχον,
942 1011 1007 1100 τὴν
1031 1021 1147 1102 χείρονα

145 1118 251 1207 τύχην
278 1121 525 1203 διαλλάξασθαι
556 1123 678 1189 δοῦλαι
701 1122 735 1201 ἐξ
758 1122 950 1208 ἐλευθέρων
972 1123 1148 1208 γενόμενοι·

146 1227 255 1314 ἕτεραι
279 1224 310 1295 δ’
338 1226 592 1315 ὀλιγάνθρωποι
614 1229 671 1296 καὶ
693 1232 742 1308 είς
759 1233 865 1315 χωρία
887 1225 931 1296 ού
949 1226 1044 1296 πάνυ
1066 1247 1149 1295 σπον
1192 1243 1193 1262 ’

107 1361 134 1404 ιο
147 1337 226 1401 δαῖα
258 1335 527 1422 παραγενόμεναι
564 1336 741 1423 ἐλεύθεραι
778 1334 840 1422 μὲν
871 1338 1023 1421 πρῶτον,
1057 1339 1151 1402 ἔπειτα

147 1441 178 1507 δ’
205 1440 327 1529 ἑτέρων
350 1439 516 1530 άρχουσαι
540 1444 742 1511 διετέλεσαν·
770 1442 827 1510 καὶ
851 1439 928 1510 οὔτε
951 1454 1025 1521 ταῖς
1049 1439 1151 1529 εὐπρα-

146 1552 236 1634 γίαις
261 1551 330 1618 τῶν
345 1545 485 1678 ὀλίγων
513 1546 590 1616 ούτε
617 1562 690 1629 ταῖς
717 1552 911 1636 δυστυχίαις
938 1551 1007 1616 τῶν
1030 1551 1152 1617 πολλῶν

108 1653 263 1830 Ίὲτερόυ
284 1681 317 1723 τι
340 1651 361 1742 6
385 1654 423 1724 τὸ
446 1660 507 1743 τῆς
528 1661 696 1736 πολιτείας
723 1659 832 1744 σχῆμα
859 1653 1022 1744 ὑπάρχειν
1047 1663 1155 1723 αἴτιον.
1193 1665 1194 1760 χ

108 1761 266 1847 ’λείμδν
295 1754 358 1830 οὖν
387 1767 446 1850 μία
476 1789 524 1842 τις
550 1753 593 1850 ἦν
621 1759 711 1850 παρὰ
739 1767 845 1830 πᾶσιν
867 1758 1065 1849 ἀνθρώποις
1089 1766 1155 1848 βίον

108 1898 134 1941 ιο
147 1864 282 1948 τάξιςε
264 1896 285 1955 η
309 1872 455 1937 ποιοῦσα
483 1865 688 1955 εὐδαίμονας
713 1867 774 1949 τάς
795 1868 924 1954 πόλεις,
953 1865 996 1937 ού
1018 1865 1156 1956 χαλεπὴν

148 1969 190 2041 ἀν
223 1974 383 2061 γενέσθαι
415 1980 511 2063 σφίσι
542 1972 606 2063 τὴν
634 1978 765 2063 αἵρεσιν
793 1972 910 2063 αὐτῆς·
947 1979 1014 2044 νῦν
1043 1973 1075 2045 δ’
1102 1980 1156 2061 ἔφη

147 2080 273 2162 πολλάς
295 2081 536 2150 πυνθάνεσθαι
558 2080 619 2161 τὰς
640 2081 847 2163 κατασκευάς
872 2078 951 2171 παρ’
970 2081 1113 2170 Ἕλλησί
1131 2107 1159 2149 τε
1194 2085 1195 2144 ἐ

146 2188 204 2256 καὶ
226 2187 412 2277 βαρβάροις
433 2185 665 2276 ὑπαρχούσας,
691 2201 780 2277 τρεῖς
803 2187 835 2258 δ’
857 2192 891 2272 ἐξ
913 2187 1055 2260 ἀπασῶν
1079 2192 1157 2258 ἐπαι-
1194 2231 1195 2236 1

147 2298 317 2383 νουμέυας
343 2294 485 2384 μάλιστα
517 2291 583 2364 ύπὸ
616 2299 685 2364 τῶν
718 2297 901 2384 χρωμένων
929 2293 1085 2383 ἀκούειν,
1111 2295 1159 2364 καὶ

106 2401 278 2473 εοτούτων
322 2401 484 2490 οὐδεμίαν
525 2399 613 2470 εἶναι
659 2405 728 2471 τῶν
768 2407 953 2473 πολιτειῶν
990 2406 1160 2491 είλικρινη,

146 2523 321 2597 προσεῖναι
349 2512 390 2579 δέ
418 2537 513 2590 τινας
546 2508 666 2598 ἑκάστη
699 2513 804 2597 κῆρας
836 2509 1050 2598 συμφύτους,
1083 2508 1162 2578 ὥστε

146 2614 294 2703 χαλεπὴν
322 2613 435 2684 αὐτῶν
465 2614 552 2685 εἶναι
578 2613 642 2703 τὴν
669 2619 809 2703 αἵρεσιν.
855 2615 952 2704 ἠξίου
979 2643 1015 2687 τε
1044 2615 1162 2694 αύτούς

146 2722 440 2809 βουλευσαμένους
466 2723 521 2792 έπλ
548 2727 671 2811 σχολῆς
698 2727 804 2793 είπείν
832 2733 898 2792 εἴτε
920 2719 983 2810 ὑφ’
1010 2723 1086 2804 ἑνὸς
1106 2722 1163 2809 ἀρ-

146 2837 267 2915 χεσθαι
290 2830 454 2897 θέλουσιν
476 2827 603 2918 ἀνδρὸς
626 2839 690 2898 εἴτε
716 2826 774 2898 ὑπ’
801 2828 926 2916 ὀλίγων
950 2839 1016 2900 είτε
1040 2830 1166 2918 νόμους

106 2962 133 3004 ιε
146 2933 433 3022 καταστησάμενοι
469 2940 573 3006 πᾶσιν
605 2933 798 3005 ἀποδοῦναι
833 2935 896 3024 τὴν
932 2941 1002 3006 τῶν
1039 2942 1165 3007 κοινῶν

107 3045 127 3110 8
146 3048 361 3129 προστασίαν.
400 3039 485 3128 Ἐγὼ
505 3039 537 3109 δ’
558 3039 651 3130 ὑμῖν,
675 3048 752 3130 ἔφη,
769 3042 854 3130 πρὸς
872 3040 915 3130 ἣν
938 3040 982 3112 ἀν
1000 3043 1195 3130 καταστή-τί

148 3157 256 3236 σησθε
287 3153 459 3217 πολιτείαν
492 3146 653 3237 εὐτρεπὴς
683 3149 740 3218 καὶ
778 3147 856 3218 οὔτε
887 3149 1004 3239 ἄρχειν
1038 3148 1165 3230 ἀπαξιῶ

220 3349 253 3398 13
272 3341 305 3398 τὸ
324 3344 417 3428 σχῆμμ
435 3343 486 3411 τῆς
508 3346 693 3408 πολιτείαςΒ
772 3341 839 3402 15
824 3366 842 3429 6
862 3347 926 3401 add.
946 3347 969 3401 B
1049 3353 1081 3402 16
1098 3349 1168 3415 σφί-

149 3430 194 3466 σιν
212 3415 237 3467 A
320 3417 352 3467 1‘1
372 3409 424 3474 τὰς
441 3429 497 3468 om.
515 3415 541 3468 A
621 3412 776 3486 κελαινὴν
799 3417 886 3472 πᾶσιν
912 3434 935 3472 ο.
954 3418 1058 3476 Reiske
1129 3422 1171 3472 26

149 3483 257 3550 προςῆν
276 3477 328 3535 έάν
346 3485 371 3536 A
389 3481 460 3553 πρὸς
477 3481 509 3538 τό
529 3483 599 3539 νέαν
616 3487 639 3539 Β
655 3488 660 3554 Ι
675 3482 910 3556 καταστήσασθαι
928 3490 951 3542 Β
