2396 3918
146 201 210 266 106
568 202 735 256 -A-

103 363 296 440 ὅπλεϊστος
323 358 435 430 αὐτόν
463 361 598 450 φθόρος
629 359 876 449 ἀλληλοκτόνος
906 363 1036 447 ἐγίνετο.
1074 364 1128 425 Με-

145 469 275 547 σέντιος
298 467 335 536 δὲ
359 466 423 538 σὺν
447 467 576 556 ὀλίγοις
593 468 703 558 λόφον
716 467 794 539 τινὰ
812 467 1018 554 καταλαβών,
1039 461 1129 549 ἐπειδὴ

144 578 205 645 τοῦ
227 573 348 655 παιδὸς
369 574 431 645 τὸν
446 574 555 664 μόρον
572 576 718 647 ἐπύθετο
740 578 798 646 καὶ
812 574 892 657 όσος
913 573 1003 667 αύτῷ
1017 570 1131 660 στρατὸς

145 683 333 769 διέφθαρτο
358 683 395 750 ίν
420 687 479 774 οἵφ
502 709 537 754 τε
550 689 662 775 χωρίφ
684 682 943 764 κατακεκλεικὼς
965 678 1077 752 ἑαυτὸν
1092 671 1132 766 ἦν,

117 785 191 868 εὼς
209 783 303 876 <ἀν>
325 791 362 858 ἐν
384 786 509 881 ἀπορίᾳ
531 790 712 879 χρήματος,
737 796 861 880 ἔπεμψε
882 791 1028 878 κήρυκας
1048 793 1089 868 είς
1105 787 1133 855 τὸ

146 901 334 964 Λαουΐνιον
366 897 442 983 περὶ
473 903 589 984 φιλίας
620 902 893 986 διαλεξομένους,
918 896 1088 966 Ἀσκανίου
1110 893 1136 960 δε

144 1017 215 1083 τοῖς
238 1009 399 1085 Λατίνοις
419 1005 640 1092 ταμιεύεσθαι
663 1005 725 1094 τὴν
738 1006 844 1094 τύχην
867 1003 1137 1092 συμβουλεύοντος

146 1108 265 1179 ἀδειαν
285 1109 467 1200 εὑρόμενος
485 1110 639 1200 ἀπῆλθεν
656 1111 873 1192 ὑπόσπονδος
891 1109 969 1200 μεθ’
992 1108 1070 1196 ὅσης
1086 1106 1167 1194 εἶχεαε

148 1215 323 1303 δυνάμεως
349 1216 488 1288 καὶτὸν
517 1216 582 1287 ἀπὸ
609 1223 710 1290 τοῦδε
742 1219 869 1307 χρόνον
892 1216 1025 1287 ἅπαντα
1048 1220 1140 1285 διαλν

106 1321 292 1410 τασσόμενος
327 1322 389 1412 τὴν
427 1330 555 1414 ἔχθραν
590 1326 676 1414 πρὸς
710 1323 791 1407 τοὺς
821 1330 993 1405 Λατίνους
1029 1325 1141 1411 βέβαιος

146 1435 246 1517 φίλος
267 1422 320 1517 ἦν.

235 1540 351 1606 LXVI.
392 1543 583 1631 Τριακοστῷ
620 1539 659 1608 δὲ
694 1537 838 1628 ὕστερον
875 1543 940 1608 ἔτει
981 1537 1063 1626 μετὰ
1098 1534 1144 1620 τὴν
1184 1587 1185 1644 ρ

146 1649 255 1714 κτίσιν
287 1650 349 1714 τοῦ
378 1651 568 1716 Λαουϊνίου
595 1646 696 1715 πόλιν
725 1648 841 1730 ἑτέραν
869 1652 983 1728 οἰκίζει
1013 1643 1094 1714 κατὰ
1119 1639 1146 1710 τὸ
1184 1661 1185 1664 ’

146 1751 333 1838 γενόμενον
357 1757 478 1843 Λίνείᾳ
504 1754 679 1839 θέσφατον
698 1751 872 1832 ’Λσκάνιος
899 1750 917 1821 ὁ
940 1757 1084 1822 Αἰνείου
1107 1749 1148 1818 καὶ
1185 1797 1186 1824 2

108 1882 134 1923 ιε
148 1857 282 1944 μετάγει
304 1858 384 1939 τούς
405 1857 430 1927 τ’
457 1861 493 1928 ἐκ
507 1865 697 1929 Λαουϊνίου
717 1861 855 1929 καὶτῶν
877 1859 991 1928 ἀλλων
1008 1863 1150 1928 Λατίνων

148 1962 242 2044 ὅσοις
264 1956 307 2052 ἦν
335 1969 558 2054 βουλομένοις
580 1965 721 2054 ἄμεινον
749 1971 855 2035 οἰκεῖν
878 1970 926 2046 είς
953 1964 1017 2053 τὴν
1040 1964 1152 2035 νεόιαι-

147 2090 239 2158 στου,
264 2070 373 2159 ὄνομα
394 2077 435 2162 τῇ
458 2072 554 2142 πόλει
566 2076 714 2162 θέμενος
726 2072 864 2160 Ἄλβαν.
889 2071 1006 2142 ἔστιδ’
1024 2071 1153 2161 ἡ”Αλβα

145 2177 225 2248 καθ’
254 2178 402 2248 Ἑλλάδα
424 2184 582 2266 γλῶσσαν
607 2181 736 2268 Λευκή,
767 2181 984 2269 σαφηνισμοῦ
1009 2178 1043 2248 δ’
1071 2182 1155 2248 ἕνεκα

148 2291 326 2376 διορίζεται
348 2285 427 2376 παρ’
454 2289 571 2375 ἑτέραν
593 2287 696 2358 πόλιν
719 2285 904 2376 δμύννμον
932 2286 1106 2374 ἐπικλήσει
1125 2282 1155 2352 τὸ

105 2415 135 2455 2⁰
148 2399 257 2483 σχῆμα
289 2395 596 2483 ἐπικατηγορούσῃ,
627 2401 687 2462 καί
715 2397 807 2463 ἐστιν
845 2391 955 2481 ὥσπερ
992 2392 1158 2462 σύνθετον

147 2499 213 2587 ἤδη
240 2500 393 2589 τούνομα
420 2503 454 2583 ἐξ
482 2500 611 2588 ἀμφοῖν
628 2499 736 2587 Ἀλβα
758 2500 880 2586 λόγγα,
906 2503 1007 2568 τοῦτο
1038 2499 1072 2567 δ’
1098 2505 1160 2567 ἔστι

111 2603 260 2693 2Λευκὴ
284 2606 403 2694 μακρά.
449 2612 514 2676 νῦν
543 2607 605 2694 μὲν
630 2599 692 2675 οὖν
722 2593 985 2694 ἔρημόςέστιν·
1020 2609 1077 2676 ἐπὶ
1105 2604 1161 2694 γάρ

143 2710 309 2781 Ὁστιλίου
340 2713 472 2781 Τύλλου
491 2712 666 2802 Ῥωμαίων
694 2715 858 2801 βασιλέως
886 2711 1079 2794 στασιάζειν
1109 2711 1187 2779 δό-ιε

149 2820 232 2899 ξασα
254 2817 338 2907 πρὸς
360 2819 424 2907 τὴν
447 2818 605 2890 ἀποικίαν
626 2821 702 2910 περὶ
724 2826 783 2908 τῆς
806 2819 909 2908 ἀρχῆς
931 2819 1109 2908 ἀνῃρέθη·
1132 2816 1165 2886 τό

221 2974 425 3034 ΒέπύθετοΒ
448 2983 547 3037 om.A
619 2987 635 3037 5
659 2976 708 3053 ὥς]
737 2976 843 3044 παντὸς
870 2999 894 3036 ο.
921 2979 1082 3050 Kiessling,
1106 2981 1112 3048 Ι
1133 2971 1169 3032 ἀν

149 3049 246 3105 addidi
280 3051 284 3118 Ι
319 3047 419 3121 ἀπόρω
442 3052 495 3106 ΑΒ
529 3055 534 3122 Ι
569 3048 704 3124 ἐχόμενος
734 3053 798 3108 add.
830 3053 932 3124 Pflugk
965 3055 970 3121 Ι
1005 3049 1122 3121 ἔπεμψε
1147 3049 1170 3104 A

151 3119 259 3192 ἔπεμπε
278 3123 301 3175 Β
374 3129 390 3178 6
408 3123 537 3177 λαυίνιον
555 3124 578 3178 Β
652 3131 668 3180 8
688 3121 758 3196 μεθ’
779 3118 846 3192 ότης
863 3123 887 3177 Β
906 3117 1009 3192 ότηνΔ
1026 3124 1030 3192 Ι
1047 3119 1129 3192 εἶχεν
1148 3121 1171 3175 Α

186 3188 410 3263 9θυνάμεωςΒ
439 3189 562 3264 δύναμιν
580 3183 642 3265 R!
662 3191 720 3251 ἀπὸ
739 3196 824 3250 τοῦδε
843 3195 890 3249 Bb
919 3193 969 3250 διὰ
986 3193 1076 3248 τοῦδε
1097 3193 1173 3247 ΑΒε

151 3273 185 3320 10
203 3261 270 3328 τούς
288 3265 384 3320 om.B
458 3271 491 3319 12
511 3265 543 3320 θλ
563 3265 617 3322 ὀαι.
637 3267 679 3322 Ba
751 3273 783 3320 13
802 3265 978 3320 λαουνίονΒ
1052 3269 1171 3318 13-15

148 3335 232 3391 πόλιν
246 3365 281 3376 -
295 3337 429 3390 λαοννίον
448 3353 503 3390 om.
521 3337 610 3405 ΑΒκ,
634 3339 748 3392 ετεθεμθ
764 3337 795 3390 in
808 3337 888 3406 Bmg
943 3341 976 3390 15
995 3337 1137 3390 λαοννίου
1151 3333 1174 3388 B

186 3413 221 3461 20
245 3402 398 3474 ἒπεκατηγο
417 3403 488 3476 ούση
512 3407 544 3460 L.
563 3407 685 3462 Dindorf
706 3408 737 3461 in
755 3408 836 3463 Thes.
860 3425 881 3462 ε.
901 3425 928 3461 v,
961 3401 1177 3476 ἐπικατηγόρη-

152 3493 202 3544 τις,
223 3425 457 3546 ἐπικατηγοράσει
475 3476 528 3530 ΑΒ
559 3476 563 3547 Ι
592 3475 641 3530 καλ
665 3474 740 3531 ἔστιν
758 3477 811 3531 ΑΒ
883 3483 917 3531 23
946 3472 1096 3532 όστιλαίου
