2408 3928
458 242 623 295 —B—

43 409 181 486 ρθησκν,
206 405 243 470 ἐν
262 396 316 482 αἷς
339 401 358 471 ὁ
378 407 447 471 τῶν
467 398 686 490 αἰχμαλώτων
706 398 805 486 ὄχλος
823 404 870 478 είς
887 395 951 484 τήν
969 394 1047 464 Ῥού-

43 533 100 592 μην
116 509 275 596 κατήγετο
296 509 354 577 διὰ
372 513 434 578 τού
452 511 614 596 ποταμοῦ.
651 497 750 586 οὗτος
766 503 917 592 κατήχθη
936 510 1048 594 τρίτος
1066 511 1087 578 5

42 609 97 681 ὑπὸ
119 611 294 703 Ῥωμύλου
326 622 518 706 θρίαμβρος
550 618 665 706 μακρῷ
697 617 765 682 τῶν
794 612 966 700 προτέρων
997 615 1047 680 ἐκ-

44 723 258 812 πρεπέστερος.
300 725 357 794 καὶ
376 721 447 811 μετ’
469 721 511 792 ού
529 720 616 792 πολὺ
636 718 852 790 Οὐιεντανῶν
870 724 1048 806 πρεσβείας

44 823 236 915 ἀφικομένης
259 829 546 917 περὶ,διαλύσεως
568 832 629 898 τού
648 829 796 914 πολέμου
818 825 874 893 καί
895 824 1047 912 συγγνύ-
1074 857 1088 898 ο

44 959 98 1018 μην
135 937 206 1004 τῶν
253 934 501 1024 ἁμαρτημάτων
542 933 701 1022 ἀξιούσης
741 940 858 1020 λαβεῖν
896 936 991 1012 δίκας
1028 930 1047 1000 ὁ

39 1036 191 1127 Ῥωμύλος
215 1039 332 1123 αὐτοῖς
354 1045 525 1130 ἐπιτίθησι
546 1040 659 1121 πάςδε·
682 1040 796 1130 χιύραν
819 1067 854 1109 τε
877 1043 1047 1128 παραδού-

44 1171 89 1212 ναι
104 1144 281 1237 Ῥωμαίοις
307 1148 370 1238 τήν
397 1153 544 1238 προσεχῆ
571 1153 618 1241 τῷ
646 1149 796 1236 Τεβέρει,
819 1145 897 1226 τοὺς
926 1154 1047 1216 καλαν-

47 1254 272 1338 μένουςἛπτά
299 1258 443 1344 πάγους,
466 1258 523 1326 καὶ
550 1260 618 1326 τῶν
646 1254 737 1324 ἁλῶν
766 1253 952 1342 ἀποστῆναι
979 1258 1047 1323 τῶν

44 1360 115 1448 παρὰ
140 1378 217 1444 ταῖς
246 1366 400 1452 ἐκβολαῖς
426 1366 488 1433 τοῦ
516 1367 684 1450 ποταμοῦ,
715 1366 777 1431 τοῦ
801 1361 838 1429 δὲ
869 1360 976 1449 μηδὲν
1000 1367 1046 1431 ἔτι
1062 1391 1088 1432 ιο

42 1475 223 1552 νεωτερίσαι
255 1469 294 1539 τὸ
327 1468 449 1540 πιστὸν
480 1483 665 1557 παρασχεῖν
698 1467 807 1556 ὅμηρα
839 1468 1046 1556 πεντήκοντα

43 1569 225 1660 ἀγογόντας.
286 1573 545 1663 ὑπομεινάντων
588 1575 625 1643 δὲ
662 1572 879 1644 Οὐιεντανῶν
917 1571 1087 1645 ἅπανταβ

40 1683 129 1748 ταῦτα
156 1680 311 1763 σπονδὰς
337 1682 565 1770 ποιησάμενος
592 1681 677 1771 πρὸς
703 1678 826 1761 αύτούς
853 1687 901 1761 είς
928 1681 1047 1751 ἑκατὸν

41 1790 85 1873 ἔτη
107 1789 245 1878 στήλαις
268 1789 446 1878 ἐνεχάραξε
468 1789 527 1870 τὰς
550 1787 739 1876 ὁμολογίας.
783 1792 852 1857 τῶν
876 1786 909 1855 δ’
930 1793 1047 1876 αίχμα-

40 1891 142 1964 λύτων
170 1895 253 1976 τούς
281 1896 343 1984 μὲν
372 1894 508 1964 ἀπιέναι
540 1898 772 1983 βουλομένους
804 1892 933 1982 ἀφήκεν
963 1893 1046 1964 ἀνευ
1061 1925 1088 1965 ιε

40 1999 170 2090 λύτρων,
194 2001 277 2083 τούς
300 2001 332 2070 δ’
354 2001 461 2071 αὐτοῦ
483 2003 597 2090 μένειν
620 2002 913 2090 προαιρουμένους
934 2006 1047 2093 πολλῷ

13 2114 168 2190 ιοιπλείους
192 2097 297 2190 ὄντας
319 2114 389 2180 τῶν
418 2111 542 2197 ἑτέρων
569 2115 705 2188 πολίτας
728 2107 953 2196 ποιησάμενος
975 2123 1048 2188 ταῖς

41 2214 194 2305 γράτραις
229 2218 387 2285 έπιδιείλε
424 2218 481 2284 καὶ
516 2215 663 2304 κλήρους
699 2213 813 2294 αὐτοῖς
849 2216 1048 2302 προσένειμε

42 2319 132 2406 [τούς]
156 2322 213 2392 ἐπὶ
235 2322 317 2392 τάδε
339 2326 401 2392 τού
428 2325 593 2410 Ίεβέριος.

115 2431 203 2498 LVI.
231 2420 337 2498 Οὗτοι
360 2432 573 2516 συνέστησαν
597 2433 633 2497 οί
652 2427 793 2515 πόλεμοι
810 2425 968 2518 Ῥωμύλῳ
991 2426 1047 2496 20¹-
1061 2459 1088 2500 ιο

40 2558 92 2615 γον
112 2539 170 2605 καὶ
189 2536 324 2623 μνήμης
347 2535 444 2618 ἀξιοι.
485 2537 547 2604 τού
566 2534 605 2604 δὲ
623 2534 729 2622 μηδὲν
749 2539 798 2602 ἔτι
808 2539 883 2603 τῶν
902 2540 1046 2621 πλησίον

41 2639 141 2712 ἐθνῶν
165 2641 404 2730 ὑπαγαγέσθαι
431 2657 546 2730 ταχεῖα
573 2640 595 2729 ή
618 2641 753 2728 τελευτή
777 2645 839 2711 τού
861 2647 941 2727 βίου
964 2619 1070 2730 συμ-’

40 2749 115 2829 βᾶσα
134 2755 183 2820 ἔτι
202 2749 383 2839 ἀκμάζοντι
403 2748 493 2841 αὐτῷ
511 2748 553 2817 τὰ
567 2751 709 2836 πολέμια
722 2747 880 2837 πράττειν
900 2751 937 2816 έν
957 2753 1047 2839 αίτίηι

41 2859 189 2935 γενέσθαι
219 2859 328 2939 ἔδοξε·
358 2858 435 2946 περὶ
462 2849 504 2944 ής
531 2856 649 2924 πολλοὶ
679 2857 928 2942 παραδέδονται
951 2855 1047 2944 λύγοι

41 2962 86 3028 καὶ
103 2963 275 3052 διάφοροι.
313 2968 349 3032 οί
365 2964 427 3052 μὲν
448 2955 510 3031 οὖν
530 2964 771 3050 μυθωδέστερα
788 2961 829 3032 τά
846 2964 923 3052 περὶ
942 2941 1088 3071 ιαίτούΞ5

42 3073 205 3150 ποιοῦντες
238 3068 497 3158 ἐκκλησιάζοντά
534 3087 640 3155 φασιν
678 3066 782 3138 αύτὸν
819 3070 873 3137 ἐπὶ
910 3089 1047 3159 στρατο-

100 3225 283 3300 λ*ήχθἠ0
359 3223 486 3296 ’ίχύρας
504 3229 551 3283 Ba
623 3224 749 3282 9ἀλλων
770 3229 792 3283 0
817 3245 886 3284 corr.
907 3229 1048 3301 Gelenius,

44 3293 149 3372 Sylburg
225 3308 258 3356 11
279 3305 441 3366 νεωτεριεῖν
464 3319 488 3355 ο.
508 3300 598 3355 cobet
616 3299 679 3356 obs.
704 3317 731 3368 p.
751 3305 785 3355 52
858 3307 891 3356 17
911 3301 969 3356 τῶν
988 3298 1048 3360 ἑτέ-

44 3386 89 3431 ρον
114 3373 165 3428 del.
190 3371 317 3428 Reudler
340 3371 431 3424 Τίτου.
460 3390 486 3441 p.
507 3378 542 3427 24
624 3378 656 3426 19
680 3365 772 3433 *τούς
795 3371 817 3426 0
845 3373 895 3441 τῆς
918 3373 1021 3430 Reiske

45 3433 143 3527 ἐπλμοῦ
162 3439 274 3498 τάδεΒ
338 3449 373 3496 20
393 3438 422 3494 οί
437 3443 570 3498 Bom.R
634 3449 667 3496 21
687 3445 871 3510 πληοίωνΒει
934 3451 969 3500 25
983 3467 1036 3518 περ

45 3529 121 3567 αυιον
138 3533 161 3570 ο.
181 3513 273 3570 Cobet
293 3513 357 3571 obs.
376 3531 404 3581 p.
424 3519 458 3566 52
