2404 3918
440 221 606 272 -Γ-
966 214 1030 279 361

27 374 159 457 άςτινας
183 381 291 459 αίτίας
319 381 367 458 είς
385 375 516 466 Ῥιόμην
544 375 681 465 άφίκετο
703 376 760 446 καὶ
785 375 830 445 δι’
857 380 940 445 οἴων
964 377 1031 444 ἐπι-

21 483 238 571 τηδευμάτων
260 484 313 553 ἐπὶ
335 483 399 573 τὴν
422 487 596 572 βασιλείαν
619 489 807 573 παρῆλθεν,
831 481 876 564 ὥς
899 486 936 552 ἐν
958 495 1031 562 ταῖς

21 592 207 680 ἐπιχωρίοις
222 605 432 682 συγγραφαῖς
450 582 552 679 εὗρον
568 593 641 678 ἐρῶ.
677 589 869 677 Κορίνθιός
881 617 931 672 τις
945 585 1031 677 άνηρ
1051 589 1072 654 3

21 697 123 785 ὄνομα
147 696 355 786 Δημάρατος
382 700 419 767 ἐκ
445 701 504 786 τῆς
531 702 732 787 Βακχιαδῶν
760 702 954 786 συγγενείας
977 698 1032 782 έμ-

21 805 222 891 πορεύεσθαι
249 805 475 894 προελόμενος
503 806 703 875 ἐπέπλευσεν
732 809 779 886 είς
805 803 867 892 τὴν
887 802 1058 872 Ἰταλίανδ

23 907 143 979 ὁλκάδα
162 937 200 980 τε
224 916 352 982 οίκείαν
371 909 509 999 άνάγων
528 914 585 981 καὶ
603 913 733 1001 φόρτον
762 915 862 980 ίδιον.
900 912 1034 997 ἐξεμπο-

24 1016 118 1102 λήσας
138 1018 177 1087 δὲ
195 1016 258 1088 τὸν
273 1019 403 1106 φόρτον
422 1019 459 1087 ἐν
475 1033 549 1099 ταῖς
561 1023 748 1108 Τυρρηνῶν
766 1017 906 1086 πόλεσιν
921 1015 1033 1085 εὐδαι-

26 1122 203 1208 μονούσαις
232 1124 375 1212 μάλιστα
401 1129 470 1195 τῶν
498 1127 536 1194 ἐν
561 1123 684 1215 Ἰταλίᾳ
715 1123 790 1193 τότε
822 1123 878 1191 καὶ
908 1121 1034 1211 μεγάλα

28 1231 116 1316 κέρδη
138 1230 407 1319 περιβαλόμενος
430 1232 561 1300 ἐκεῖθεν
586 1227 696 1300 οὐκέτι
723 1234 770 1310 είς
793 1227 918 1309 ἄλλους
941 1225 1035 1315 ἐβοά-

33 1342 95 1402 λετο
116 1334 328 1423 κατάγεσθαι
355 1339 508 1424 λιμένας,
536 1335 620 1406 άλλδι
650 1334 712 1423 τὴν
736 1333 842 1423 αὐτὴν
866 1333 1033 1424 εἰργάζετο
1047 1358 1074 1399 ω

32 1446 165 1529 συνεχῶς
198 1443 371 1514 θάλατταν
398 1441 599 1531 Ἑλληνικόν
634 1469 669 1513 τε
706 1441 836 1531 φόρτον
869 1446 916 1522 είς
950 1449 1034 1530 Ῥυρ·

30 1547 142 1633 ρηνοὺς
164 1556 312 1639 κομίζων
335 1552 391 1620 καὶ
419 1549 630 1641 Τυρρηνικὸν
659 1555 707 1630 είς
728 1547 790 1637 τὴν
809 1548 954 1618 Ἑλλάδα
978 1550 1035 1636 φέ-

29 1680 89 1738 ρων
123 1657 181 1726 καὶ
219 1662 347 1746 γίνεται
386 1655 478 1725 πάνυ
518 1660 655 1725 πολλῶν
693 1654 873 1745 χρημάτων
909 1655 1034 1744 κύριος.

30 1760 328 1850 ἐπικαταλαβούσης
358 1761 396 1831 δέ
425 1761 571 1843 στάσεως
597 1761 660 1849 τὴν
687 1762 869 1852 Κόρινθον
896 1763 952 1831 καὶ
978 1765 1078 1848 τῆς4

29 1870 181 1948 Κυψέλου
209 1872 412 1956 τυραννίδος
445 1869 708 1957 ἐπανισταμένης
734 1883 805 1948 τοῖς
832 1866 1036 1956 Βακχιάδαις
1050 1889 1076 1930 15

32 1970 84 2040 οὐκ
114 1970 265 2065 άσφαλές
297 1974 384 2044 εἶναι
418 1980 530 2045 δοκῶν
563 1978 600 2045 ἐν
632 1980 810 2064 τυραννίδι
841 1979 900 2062 ζῆν
929 1973 1036 2043 πολλά

30 2086 221 2170 κεκτημένος
257 2080 365 2163 άλλως
404 2109 440 2152 τε
479 2083 536 2151 καὶ
576 2085 636 2169 τῆς
677 2079 891 2172 ὀλιγαρχικῆς
931 2086 1037 2161 οίκίας

20 2182 204 2277 αὑπάρχων,
227 2193 535 2278 συνεσκευασμένος
561 2189 623 2277 τὴν
653 2186 773 2259 οὐσίαν
801 2185 885 2274 ὅσην
910 2181 981 2267 οίός
1003 2186 1032 2258 τ’

31 2283 68 2376 ἦν
93 2294 197 2387 ᾤχετο
224 2298 335 2365 πλέων
364 2298 400 2364 ἐκ
427 2299 486 2383 τῆς
508 2302 698 2385 Κορίνθου.
720 2307 721 2312 ’
744 2299 829 2383 ἔχων
854 2297 892 2363 δὲ
914 2299 1036 2382 φίλους
1055 2297 1076 2363 5

32 2400 166 2483 πολλοὺς
197 2403 254 2471 καὶ
285 2401 439 2489 ἀγαθοὺς
475 2406 660 2492 Τυρρηνῶν
698 2400 755 2470 διά
789 2401 850 2481 τάς
886 2414 1037 2488 συνεχεῖς
1051 2430 1077 2471 ιο

34 2503 195 2595 ἐπιμιξίας,
219 2508 363 2597 μάλιστα
386 2508 418 2578 δ’
444 2511 481 2578 ἐν
508 2514 710 2598 Ταρκυνίοις
731 2507 826 2576 πόλει
851 2505 979 2596 μεγάλη
1001 2533 1037 2576 τε

33 2612 79 2678 καὶ
101 2611 280 2703 εὐδαίμονι
302 2616 377 2685 τότε
402 2615 498 2706 οὔση,
522 2615 617 2686 οἶκόν
640 2641 676 2684 τε
694 2609 817 2682 αι’πόθι
834 2611 1037 2682 κατασκευά-

36 2721 109 2795 ζεται
131 2723 188 2791 καὶ
211 2735 355 2810 γυναῖκα
379 2724 525 2812 ἐπιφανῆ
548 2719 632 2791 κατὰ
654 2723 752 2808 γένος
774 2718 899 2807 άγεται.
942 2746 1038 2806 γενο-

35 2824 134 2906 μένων
173 2828 207 2897 δ’
238 2828 327 2922 αὐτῷ
365 2833 460 2898 δυεῖν
497 2832 629 2897 παίδων
665 2825 856 2917 Τυρρηνικὰ
892 2827 1038 2914 θέμενος

98 3064 113 3112 2
141 3057 188 3116 έτιὶ
210 3062 233 3116 Β
260 3059 301 3124 είς
323 3062 349 3116 R
369 3062 374 3135 Ι
393 3061 539 3130 προῆλθεν
558 3076 580 3114 ο.
600 3057 728 3115 Ηετθείυ
750 3057 867 3112 Hermes
886 3056 911 3110 X
934 3075 962 3183 ρ
985 3062 1036 3111 411

38 3129 58 3179 2.
74 3133 88 3182 3
102 3133 186 3188 verba
205 3131 247 3196 είς
264 3127 317 3201 τὴν
332 3135 356 3204 β.
373 3164 406 3172 -
423 3123 507 3200 εὖρον
527 3147 581 3187 om.
599 3133 648 3185 Aa
666 3130 729 3186 add.
749 3131 840 3200 Amg.
900 3134 917 3183 3
952 3147 1039 3198 πιχω-

38 3197 117 3283 ρι’(οις
135 3204 334 3330 σνγέγραφαῑς
348 3205 370 3258 Β
390 3199 553 3274 ἐπιχωρίαις
571 3207 696 3288 γραφαῖς
708 3202 735 3256 R
801 3195 1038 3286 δέπίπλευσρνΒ

39 3273 160 3330 εκλευσεν
230 3269 410 3331 άπέτλευσεν
432 3274 575 3344 Κὶειεὶίυς
596 3278 600 3344 Ι
620 3292 672 3342 την
694 3272 717 3326 Β
742 3288 795 3327 om.
814 3272 840 3326 R
921 3277 1038 3355 θμγων

40 3353 58 3390 ⁰·
74 3341 169 3402 Reiske
246 3339 523 3418 9ιιεριβαλλόμενος
544 3347 569 3399 A
652 3350 684 3398 11
708 3339 856 3398 θάλασσαν
879 3342 905 3396 R
931 3345 1039 3396 θαλατ-

40 3428 83 3463 ταν
100 3415 121 3469 Β
193 3423 226 3472 12
248 3416 297 3471 καλ
315 3413 522 3486 τυρρηνικόνΒ
540 3411 658 3470 καὶτὸν
676 3435 699 3470 τ.
715 3417 740 3470 R
804 3418 837 3469 15
857 3411 999 3480 κυφόλλου
1014 3411 1039 3464 Α

41 3483 69 3532 22
85 3481 143 3544 τότε
162 3488 186 3542 Ι)
206 3491 236 3544 ελ
255 3487 376 3558 Sylburg
393 3482 463 3542 τότε
482 3487 534 3540 ΑΒ
607 3487 740 3541 κλονεῖν
759 3486 781 3539 Β
801 3487 883 3539 δυοῖν
901 3485 927 3538 R
