2396 3918
451 259 485 269 —
521 231 545 284 Β
582 259 614 270 -
974 231 1053 314 163Ι

39 385 189 474 Ῥωμαίων
222 387 399 459 ἀπόλοντο
432 387 665 478 πανώλεθροι,
696 391 816 459 πολλοὶ
844 388 877 458 δ’
908 392 944 458 ἐν
976 399 1038 459 θα-

8 493 129 584 ιιίλάττη
151 494 264 564 στόλοι
293 495 534 584 διεφθάρησαν
564 495 764 583 αὔτανδροι,
783 494 890 565 Ιἀλλαι
919 523 954 566 τε
985 523 1038 586 με·

39 599 120 686 γάλαι
145 603 200 670 καὶ
229 604 339 671 δειναὶ
367 606 570 690 περιπέτειαι
599 607 638 692 τή
665 603 761 673 πόλει
791 605 976 673 συνέπεσον
1003 608 1042 672 αί

39 706 88 794 μὲν
107 710 141 777 ἐν
164 707 318 790 ὀθνείοις
340 711 514 798 πολέμοις,
538 714 577 777 αί
601 710 639 779 δὲ
665 709 748 778 κατὰ
771 708 831 791 τὰς
854 713 1039 806 ἐμφυλίους

40 817 244 908 διχοστασίας,
258 816 491 905 ἐμφανεστάτη
512 817 550 885 δὲ
568 818 624 886 καὶ
642 823 779 905 μεγίστη
798 814 954 885 καὶκατὰ
972 815 1036 904 τήν
1064 837 1077 878 ⁵

39 920 103 1008 ἐμήν
129 921 280 1012 ἡλικίαν,
309 921 363 992 ὅτε
393 929 570 1004 Λικίννιος
598 929 758 1012 Κρᾶσσος
786 922 871 1012 ἀνήρ
896 920 1037 1004 οὐδενὸς

40 1027 172 1118 δεύτερος
200 1034 271 1098 τῶν
298 1028 379 1098 καθ’
406 1027 530 1099 ἑαυτὸν
557 1027 735 1117 ἡγεμόνων
764 1028 923 1119 στρατιὰν
953 1022 1035 1117 ήγεν

41 1133 77 1201 ἐπὶ
95 1136 128 1204 τὸ
151 1135 313 1223 Πάρθων
337 1141 456 1223 ἔθνος,
479 1139 743 1225 ἐναντιουμένου
770 1141 832 1206 τοῦ
856 1140 1036 1224 δαιμονίου

40 1241 121 1310 πολλὰ
146 1249 280 1332 χαίρειν
310 1243 443 1332 φράσας
465 1257 536 1324 τοῖς
566 1241 790 1332 ἀποτρέπουσι
821 1241 885 1330 τήν
918 1246 1036 1326 ἐξοδον
1189 1321 1190 1336 χ

37 1351 149 1428 οίουοῑς
173 1353 311 1435 μυρίοις
329 1347 423 1430 ὅσοις
445 1352 650 1437 γενομένοις.
692 1348 765 1418 ἀλλ’
787 1347 871 1437 ὑπὲρ
895 1349 957 1438 μὲν
977 1355 1036 1437 τῆς
1049 1341 1076 1411 1⁰
1189 1351 1190 1392 ¹

34 1456 70 1533 είς
88 1452 122 1524 τό
146 1453 332 1542 δαιμόνιον
355 1454 552 1545 ὀλιγωρίας,
574 1447 596 1545 ή
619 1460 768 1544 χρῶνταί
791 1483 879 1536 τινες
907 1459 1037 1538 ἐντοῖς

32 1559 95 1628 καθ’
117 1559 207 1650 ἡμᾶς
229 1561 378 1650 χρόνοις,
402 1563 490 1632 πολὺ
513 1568 615 1651 ἔργον
637 1558 680 1631 ἀν
703 1571 754 1649 είη
778 1565 897 1650 λέγειν.

104 1671 176 1738 VH.
195 1665 234 1736 ‘0
257 1669 295 1738 δέ
312 1667 483 1758 Ῥωμύλος
501 1667 717 1757 ἀποδειχθεὶς
734 1663 857 1739 τοῦτον
879 1668 940 1739 τόν
962 1671 1035 1759 τρό-

29 1798 82 1842 πον
101 1774 166 1847 ὑπό
191 1804 229 1847 τε
252 1773 449 1866 ἀνθρώπων
472 1777 529 1844 καλ
552 1780 646 1846 θεῶν
673 1774 832 1862 βασιλεὺς
858 1776 898 1846 τό
921 1804 956 1846 τε
978 1803 1035 1847 πο-

27 1881 109 1967 λέμια
135 1883 251 1964 δεινὸς
277 1886 334 1953 καὶ
364 1887 608 1971 φιλοκίνδυνος
635 1879 846 1970 ὡμολόγηται
873 1887 1033 1970 γενέσθαι
1047 1903 1073 1944 1⁵

26 1989 71 2055 καί
94 1996 268 2060 πολιτείαν
301 1989 530 2077 ἐξηγήσασθαι
561 1988 624 2077 τήν
654 1997 834 2078 κρατίστην
863 1993 1032 2080 φρονιμώ-

25 2121 116 2177 τατος.
153 2100 296 2186 διέξειμι
321 2095 353 2165 δ’
380 2094 485 2166 αὐτοῦ
503 2094 563 2178 τὰς
581 2095 716 2186 πράξεις
733 2096 792 2178 τάς
809 2124 844 2166 τε
862 2108 1033 2181 πολιτικας

24 2202 69 2269 καὶ
78 2203 176 2292 <τάς>
187 2202 273 2274 κατά
283 2207 462 2292 πολέμους,
472 2195 587 2273 ὤνκαὶ
601 2203 705 2291 λόγον
720 2203 763 2274 ἀν
772 2231 824 2285 τις
833 2207 870 2274 ἐν
885 2208 1033 2296 ίστορίας

25 2304 178 2398 ἀφηγήσει
200 2312 388 2399 ποιήσαιτο.
417 2314 482 2401 ἐρῶ
505 2310 543 2379 δέ
564 2315 698 2398 πρῶτον
718 2308 802 2399 ὑπὲρ
821 2316 883 2381 τοῦ
901 2312 1070 2402 κόσμου2

24 2418 70 2500 τῆς
85 2425 267 2504 πολιτείας,
287 2415 329 2488 ὃν
348 2416 413 2504 ἐγὼ
431 2417 568 2488 πόντων
592 2416 738 2505 ἡγοῦμαι
756 2421 936 2487 πολιτικῶν
955 2419 1029 2488 κόσ-
1045 2446 1073 2488 ιο

8 2531 88 2606 ’θμον
102 2523 374 2614 αὐταρκέστατον
390 2527 427 2593 ἐν
441 2523 559 2613 είρήνη
573 2524 677 2592 τεκαὶ
691 2521 775 2591 κατὰ
789 2525 963 2612 πολέμους.
986 2520 1031 2615 ήν

25 2628 52 2696 δὲ
71 2633 215 2713 τοιόςδε·
245 2634 342 2721 τριχή
365 2636 482 2718 νείμας
503 2629 566 2718 τήν
590 2628 727 2717 πληθὺν
749 2628 883 2699 ἅπασαν
908 2632 1029 2722 ἐκάστη

24 2739 77 2802 τόν
103 2741 237 2826 μοιρῶν
269 2735 332 2806 τὸν
364 2737 630 2823 ἐπιφανέστατον
662 2738 840 2822 ἐπέστησεν
873 2734 1030 2826 ἡγεμόνα.

24 2845 118 2912 ἔπειτα
150 2848 223 2914 τῶν
255 2848 361 2929 τριιόν
391 2841 494 2912 πόλιν
532 2847 662 2931 μοιριόν
698 2842 840 2932 ἑκάστην
871 2850 919 2928 είς
951 2850 1031 2918 δέκα

24 2955 126 3037 μοίρας
155 2950 297 3038 διελιόν,
325 2959 421 3031 ίσους
448 2947 616 3039 ἡγεμόνας
641 2951 697 3018 καὶ
724 2949 854 3020 τούτων
878 2951 1030 3039 ἀπέδειξε
1044 2981 1070 3022 ιτ

80 3146 264 3218 λσνμφοραὶ
289 3148 356 3216 post
382 3142 465 3202 ἀλλαι
487 3166 517 3202 τε
536 3149 562 3200 A
634 3150 650 3200 3
674 3145 851 3216 περιπέτειαι
875 3166 930 3205 om.
952 3153 1031 3212 Ana

23 3209 75 3269 λέν
94 3235 147 3274 om,
164 3219 188 3272 Β
205 3221 210 3288 Ι
227 3213 373 3288 ἕμφόλους
387 3220 413 3272 A
468 3223 484 3272 ὁ
503 3212 715 3287 ἕμφανέσταται
733 3217 765 3274 δέ
781 3219 830 3274 καὶ
849 3221 980 3310 μέγισται
995 3227 1029 3297 0,

24 3300 78 3342 corr.
91 3289 197 3345 Reiske
223 3294 228 3360 Ι
253 3287 303 3344 καί
321 3291 387 3344 ante
410 3285 484 3343 κατὰ
503 3288 557 3344 del.
572 3290 729 3345 Ambrosch
802 3298 818 3346 6
836 3313 958 3362 κροσσος
975 3298 1030 3354 ΑΒ

25 3361 48 3440 32
64 3355 131 3415 τολά
151 3378 208 3416 om.
228 3362 252 3415 B
272 3361 277 3433 Ι
299 3357 381 3430 ἔργον
400 3353 437 3414 ἀν
455 3360 478 3414 Β
500 3354 537 3414 ἀν
556 3358 639 3430 ἔργον
657 3361 682 3414 R
756 3367 789 3416 15
809 3358 987 3437 ὡμολόγηται
1006 3372 1028 3426 Β

24 3433 230 3500 ομολογεῑταιΙλ
322 3438 356 3486 17
380 3426 470 3488 αὐτοῦ
493 3427 654 3502 πρόξειςΒ
747 3438 779 3487 18
803 3431 854 3499 τὰς
878 3439 942 3495 add,
968 3443 1029 3514 syl.

23 3495 80 3570 burg
97 3506 101 3570 1
121 3499 216 3573 λόγων
234 3503 261 3556 Α

809 3595 861 3648 11*
