2412 3912
453 241 618 296 -ε-
1001 245 1044 309 οε

53 418 97 467 σιν
120 397 224 480 αάτάς.
272 398 322 468 δι’
348 397 389 482 ἀς
416 402 454 471 δὲ
477 407 584 484 αἰτίας
611 401 649 472 τὸ
674 408 755 484 έθος
782 405 957 492 μετέπεσε,
988 406 1044 472 καὶ

51 513 90 586 τίς
108 504 125 594 ἡ
145 512 203 576 τοῦ
228 512 390 596 δαίμονος
413 510 592 610 έπιμάνεια
614 512 691 596 περὶ
718 509 780 599 τὴν
803 509 953 599 ἀλλαγὴν
974 515 1043 580 τῶν
1123 516 1141 556 ί

51 618 206 702 ἱεροποιῶν
235 617 382 703 ἐγένετο,
411 616 548 686 έπειδάν
575 616 658 686 κατὰ
685 622 785 687 τοῦτο
812 620 960 706 γένωμαι
983 623 1044 688 τοῦ

17 723 143 808 Ιοιλόγοο
163 722 200 792 τὸ
225 727 335 813 μέρος,
359 724 571 813 διηγήσομαι.
604 720 622 793 δ
647 725 685 793 δὲ
706 725 830 814 βωμός,
850 723 899 814 ἐφ’
926 715 968 793 οὗ
986 723 1083 805 τάς6
1132 771 1141 814 t

50 830 166 910 δεκάτας
180 829 352 899 ἀπέθυσεν
362 829 537 920 Ἡρακλῆς,
551 839 698 900 καλεῖται
713 831 775 919 μὲν
789 828 854 900 ὑπὸ
873 829 1043 918 Ῥωμαίων
1057 850 1070 891 5

51 940 207 1024 Μέγιστος,
224 942 293 1006 έστι
309 936 347 1005 δέ
361 941 462 1025 <της>
474 943 621 1026 Βοαρίας
635 941 818 1027 λεγομένης
827 936 952 1027 ἀγορᾶς
963 947 1044 1026 πλη-

53 1049 119 1130 σίον,
134 1043 394 1131 ἁγιστευόμενος
417 1049 449 1112 εί
470 1047 531 1112 καί
550 1071 600 1124 τις
623 1042 724 1125 ἀλλος
745 1041 812 1114 ὑπὸ
835 1048 903 1114 τῶν
928 1047 1043 1133 ἐπιχω-

53 1157 127 1237 ρίων·
149 1150 248 1240 ὅρκοι
265 1177 301 1219 τε
318 1148 383 1238 γάρ
407 1148 458 1218 ἐπ’
484 1148 574 1243 αὐτῷ
597 1153 653 1219 καὶ
677 1156 847 1239 συνθῆκαι
870 1166 941 1232 τοῖς
963 1157 1043 1238 βου-

49 1260 184 1346 λομένοις
210 1263 356 1345 βεβαίως
387 1286 418 1327 τι
452 1257 715 1346 διαπράττεσθαι
747 1261 803 1327 καὶ
836 1257 1044 1339 δεκατεύσεις

45 1364 204 1452 χρημάτων
228 1370 382 1451 γίνονται
406 1366 526 1452 συχναὶ
545 1363 612 1435 κατ’
630 1363 741 1453 εὐχάς·
759 1369 799 1456 τῇ
817 1367 931 1453 μέντοι
945 1393 1042 1434 κατα-
1057 1383 1083 1422 10

44 1476 128 1562 σκευῇ
159 1469 246 1540 πολὺ
278 1476 337 1559 τῆς
365 1471 464 1559 δόξης
493 1473 562 1541 ἐστὶ
589 1475 862 1562 καταδεέστερος·
879 1475 1042 1564 ,πολλαχῇ

44 1577 73 1645 δέ
91 1580 144 1646 καὶ
166 1577 251 1668 ἀλλη
275 1583 333 1667 τῆς
353 1578 492 1661 Ἰταλίας
515 1578 644 1648 ἀνεῖται
667 1583 786 1668 τεμένη
810 1583 856 1672 τῷ
881 1584 963 1673 θεῷ,
986 1581 1041 1648 καὶ

39 1687 134 1772 βωμοὶ
155 1684 239 1754 κατὰ
262 1685 376 1766 πόλεις
402 1713 437 1755 τε
469 1690 625 1775 ἵδρυνται
648 1688 704 1755 καὶ
727 1683 809 1775 παρ’
836 1685 954 1773 ὁδούς,
987 1687 1042 1754 καὶ

40 1797 174 1873 σπανίως
197 1789 241 1861 διν
265 1791 360 1882 εὕροι
382 1821 432 1874 τις
443 1791 584 1873 Ἰταλίας
607 1797 729 1882 χῶρον,
754 1799 841 1879 ἔνθα
855 1792 900 1882 μη
923 1794 1042 1882 τυγχά-

17 1905 83 1968 λδνει
100 1900 288 1988 τιμώμενος
311 1899 328 1968 ὁ
351 1900 443 1980 θεός.
474 1897 491 1969 ὃ
511 1900 573 1988 μὲν
594 1892 657 1968 οὖν
677 1897 822 1988 μυθικὸς
840 1900 940 1987 λόγος
957 1898 1040 1989 ὑπέρ
1056 1914 1081 1954 ¹⁵

37 2005 129 2075 αὐτοῦ
150 2005 283 2086 τοιόςδε
306 2009 542 2094 παραδέδοται.

113 2116 265 2182 XXXXI.
295 2112 332 2181 ‘O
361 2113 391 2181 δ’
422 2113 664 2203 ἀληθέστερος,
697 2105 723 2206 ᾦ
756 2114 876 2182 πολλοὶ
906 2117 975 2182 τῶν
1004 2117 1040 2182 ἐν

35 2222 172 2309 ἱστορίας
205 2219 347 2308 σχήματι
379 2219 437 2301 τάς
468 2219 603 2309 πράξεις
640 2217 744 2288 αὐτοῦ
782 2221 1040 2307 διηγησαμένων

35 2327 225 2415 ἐχρήσαντο,
247 2327 390 2407 τοιόςδε·
415 2324 459 2407 ὡς
482 2327 707 2416 στρατηλάτης
730 2325 913 2414 γενόμενος
935 2323 1040 2392 ἇπάν-

33 2459 90 2499 των
117 2433 294 2522 κράτιστος
320 2438 388 2502 τῶν
416 2432 496 2501 καθ’
523 2433 643 2502 ἑαυτὸν
668 2431 912 2522 Ἡρακλῆςκαὶ
936 2432 1080 2500 δυνά-2ο
1123 2445 1126 2450 '

34 2566 107 2622 μεως
138 2544 267 2627 πολλῆς
298 2537 486 2628 ἡγούμενος
522 2539 655 2608 ἅπασαν
689 2543 814 2626 ἐπῆλθε
850 2537 913 2626 τὴν
946 2537 1040 2618 έντδς

31 2640 196 2733 Ὠκεανοῦ,
230 2646 406 2716 καταλύων
436 2646 497 2736 μὲν
526 2656 559 2714 ελ
587 2674 637 2726 τις
664 2655 714 2732 είη
737 2647 899 2734 τυραννὶς
920 2652 1039 2735 βαρεῖα

32 2753 77 2818 καλ
106 2751 244 2842 λυπηρὰ
275 2768 346 2834 τοῖς
377 2752 577 2842 ἀρχομένοις
603 2749 623 2839 ἢ
651 2752 747 2832 πόλις
773 2750 956 2840 ὑβρίζουσα
983 2754 1038 2820 καὶ

32 2861 206 2949 λωβωμένη
239 2857 298 2940 τὰς
329 2861 429 2939 πέλας
461 2855 482 2946 ἢ
515 2860 617 2947 μοναὶ
649 2857 844 2947 ἀνθρώπων
881 2857 1037 2952 ἀνημέρῳ

90 3079 104 3125 1
125 3069 219 3136 αὐτὰς
232 3073 280 3128 Bb
300 3067 455 3136 αόταῖςΒε
474 3067 572 3135 αὐτοῖς
585 3073 611 3125 Α
627 3073 631 3140 Ι
648 3067 689 3126 δι’
704 3066 750 3142 ἃς]
766 3069 854 3128 &dd
899 3070 1038 3128 δέπέθυ-

32 3143 114 3198 ιενΟ
144 3161 214 3199 corr.
239 3144 350 3213 Krdger
374 3143 460 3198 Index
482 3162 524 3214 gr.
550 3162 591 3214 gr.
616 3161 644 3212 p.
668 3148 720 3198 250
811 3151 827 3199 6
850 3145 900 3212 τῆς
928 3145 1039 3199 addidit

31 3208 163 3286 Kiesqling
185 3215 325 3302 λεγομένη
341 3257 347 3268 .
366 3215 490 3285 καγορᾶς
508 3216 534 3268 A
558 3217 562 3278 ἱ
588 3213 620 3270 δὲ
645 3217 761 3284 πλησίον
784 3216 809 3268 Α
829 3257 835 3268 .
855 3258 861 3270 .
880 3217 997 3282 πλησίον
1016 3215 1038 3268 Β

57 3291 87 3338 13
107 3281 181 3356 παρ’
197 3282 284 3350 ὁδους
303 3287 423 3354 Usener,
442 3287 572 3342 Meineke
590 3281 735 3353 παρόδους
753 3287 821 3340 Ba?
840 3281 977 3354 παρόδοις
991 3287 1038 3340 Bb

29 3351 87 3423 παρ’
107 3351 191 3420 ὁδοῖς
214 3359 240 3412 Β,
327 3363 361 3411 14
389 3353 483 3428 χώραν
510 3357 533 3410 Β
611 3364 644 3411 16
663 3351 874 3412 ἀποδίδοταιΒ
952 3362 985 3410 18
1006 3353 1038 3410 έν

30 3418 126 3494 ἶστορία
157 3425 190 3482 ἐν
218 3424 380 3499 σχήματιΒ
470 3434 506 3483 20
520 3423 658 3496 Ἡρακλῆς
677 3428 730 3483 del.
755 3427 842 3482 Cobet
866 3427 930 3480 Obs.
954 3445 981 3495 p,
1002 3433 1036 3481 30

55 3501 86 3550 24
108 3499 279 3570 λωβουμένη
303 3501 350 3554 Bb
375 3502 379 3569 Ι
407 3493 423 3569 ἢ
447 3497 532 3570 μοναὶ
551 3516 574 3554 ο.
591 3498 721 3553 Meineke
745 3493 898 3566 ἡγεμονίας
920 3498 945 3550 R
971 3491 1036 3564 ἡγε-

69 3604 173 3648 onm.
186 3607 253 3648 HAn.
272 3608 290 3648 Ι,
305 3617 344 3648 τι).
357 3609 459 3650 λαοοιιτ,
859 3589 874 3636 5
