2396 3918
451 234 615 289 ..Β-

39 393 77 480 μὴ
97 401 287 464 καταλιπεῖν
309 393 371 464 τὸν
393 393 621 484 παραστάτην,
643 385 745 488 ᾦκαλ
768 393 967 464 συνέσπεισε
983 393 1041 462 καὶ

39 502 196 570 συνέθυσε
217 501 275 570 καὶ
297 527 424 571 κοινιιν
448 504 550 590 ἱερῶν
573 503 739 589 μετέσχεν.
784 501 840 569 καὶ
866 497 908 569 οὐ
932 499 1081 588 μόνον4

37 611 88 694 τῆς
99 608 172 696 περὶ
185 612 291 678 ταῦτα
305 613 428 695 σοφίας
445 608 545 697 χάριν
564 606 657 690 ἀξιος
675 609 889 678 ἐπαινεῖσθαι
907 603 1039 695 ὁάνήρ,

39 712 187 783 ἀλλὰκαὶ
209 718 269 802 τής
291 711 457 794 εὐτελείας
477 716 546 784 τῶν
569 718 720 802 θυσιῶν,
746 708 799 795 αἱς
821 719 1039 801 γεραίρεσθαι

39 820 107 902 τοὺς
130 819 234 902 θεοὺς
262 823 525 909 ἐνομοθέτησεν,
557 812 607 890 ὧν
634 823 672 888 αἱ
698 829 849 890 πλεῖσται
883 821 1040 908 διέμενον
1069 847 1081 888 ε

41 929 92 1006 ἕως
111 931 168 1014 τής
189 927 271 997 καθ’
292 925 379 1016 ήμᾶς
400 925 541 1016 ήλικίας,
565 931 597 996 εί
614 925 659 1016 μή
677 928 733 996 καί
752 930 856 996 πᾶσαι
879 924 961 996 κατὰ
979 925 1040 995 τὸν

41 1031 167 1120 ἀρχαῖον
191 1030 443 1123 ἐπιτελούμεναι
465 1034 602 1123 τρόπον.
644 1036 709 1122 έγιε
736 1038 823 1122 γοῦν
847 1032 1042 1120 ἐθεασάμην
1061 1034 1082 1100 5

43 1141 70 1206 ἐν
91 1143 193 1228 ἱεραῖς
216 1145 337 1221 οἰκίαις
361 1145 481 1210 δεῖπνα
503 1148 705 1230 προκείμενα
727 1151 823 1221 θεοῖς
846 1142 898 1209 ἐπὶ
923 1141 1041 1228 τραπέ-

46 1252 97 1327 ζαις
127 1250 277 1330 ξυλίναις
308 1247 482 1337 ἀρχαϊκαῖς
517 1251 555 1317 ἐν
586 1247 709 1335 κάνησι
740 1248 797 1316 καὶ
832 1252 1043 1327 πινακίσκοις

43 1368 215 1442 κεραμεοῖς,
247 1352 399 1443 ἀλφίτων
431 1354 534 1443 μάζας
564 1355 622 1424 καὶ
648 1355 785 1424 πόπανα
812 1355 868 1422 καί
892 1355 964 1437 ζέας
985 1355 1042 1423 καὶ
1057 1381 1083 1420 ιο

43 1464 166 1548 καρπῶν
197 1487 303 1530 τινων
336 1459 486 1551 ἀπαρχάς
517 1463 572 1530 καί
605 1460 690 1530 ἀλλα
719 1465 858 1531 τοιαῦτα
885 1459 960 1530 λιτά
986 1461 1042 1530 καί

43 1564 201 1637 εὐδάπανα
249 1569 305 1637 καὶ
354 1567 463 1656 πάσης
509 1567 747 1657 ἀπειροκαλίας
790 1566 1043 1656 ἀπηλλαγμένα·

9 1675 91 1745 σκιαὶ
113 1674 262 1756 σπονδάς
280 1674 375 1744 εἶδον
394 1677 636 1764 ἐγκεκραμένας
659 1673 721 1744 οὐκ
744 1676 782 1744 έν
803 1674 966 1764 ἀργυροῖς
987 1673 1043 1743 καὶ

43 1794 165 1866 χρυσοῖς
191 1781 347 1869 ἄγγεσιν,
373 1779 448 1850 ἀλλ’
475 1784 513 1851 έν
542 1779 757 1870 ὀστρακίναις
784 1786 958 1862 κυλίσκαις
986 1781 1043 1849 καὶ

42 1886 180 1975 πρόχοις,
207 1889 264 1957 καλ
290 1888 381 1958 πάνυ
403 1887 562 1976 ἠγάσθην
589 1891 659 1957 τῶν
686 1887 825 1977 ἀνδρων
852 1885 905 1958 ότι
930 1889 1042 1976 ἐιαμέ-
1058 1912 1083 1952 15

43 2012 150 2062 νουσιν
178 1996 215 2063 ἐν
243 2007 314 2074 τοῖς
341 2000 494 2083 πατρίοις
523 1999 641 2063 ἐθεσιν
665 1992 767 2062 οὐδέν
791 1993 1044 2075 ἐξαλλάττοντες

43 2103 99 2167 τόν
116 2099 263 2191 ἀρχαίων
282 2104 384 2190 ίερῶν
403 2106 451 2182 είς
468 2099 531 2187 τήν
550 2099 696 2183 ἀλαζόνα
714 2103 940 2170 πολυτέλειαν.
973 2105 1044 2168 ἐστι
1063 2100 1083 2163 6

44 2205 95 2290 μέν
122 2199 184 2276 οὖν
212 2205 234 2276 ἃ
266 2209 322 2277 καί
350 2207 470 2296 Νόμας
496 2212 687 2296 Πομπίλιος
715 2203 733 2275 ὁ
767 2204 849 2294 μετὰ
870 2203 1043 2293 Ῥωμύλον

45 2309 131 2398 ἄρξας
147 2318 206 2401 τής
224 2313 354 2394 πόλεως
371 2314 594 2402 κατεστήσατο
609 2312 742 2401 μνήμης
760 2311 837 2394 ἀξια
854 2313 910 2380 καὶ
928 2311 1044 2398 λόγου,

45 2419 180 2506 περιττὸς
201 2419 264 2509 τήν
287 2420 427 2509 γνάμην
451 2417 538 2510 ἀνήρ
565 2421 622 2489 καλ
651 2419 691 2489 τά
714 2429 794 2488 θεῖα
817 2419 1043 2507 ἐξηγήσασθαι
1059 2447 1085 2486 νο

47 2526 137 2612 σοφὸς
158 2530 196 2596 έν
220 2526 358 2614 ὀλίγοις,
380 2525 464 2618 ὑπὲρ
489 2519 538 2596 ὦν
560 2525 704 2614 ὕστερον
732 2530 812 2614 ἐρῶ,
834 2527 891 2595 καὶ
918 2525 1045 2606 Τύλλος

42 2627 185 2715 Ὁστίλιος
208 2632 226 2703 ὁ
250 2640 361 2722 τρίτος
384 2632 449 2704 ἀπὸ
467 2632 642 2723 Ῥωμύλου
659 2633 862 2722 βασιλεύσας
883 2633 939 2702 καί
962 2631 1045 2700 πάν·

48 2764 90 2819 τις
117 2743 151 2810 οί
179 2740 248 2828 μετ’
280 2743 411 2810 ἐκεῖνον
442 2740 622 2828 γενόμενοι
652 2746 814 2826 βασιλεῖς·
848 2737 922 2809 ἀλλ’
954 2737 971 2809 ὁ
1005 2738 1046 2808 τά

50 2848 201 2936 σπέρματα
231 2849 288 2918 καὶ
319 2847 379 2929 τάς
410 2847 513 2937 ἀρχὰς
550 2846 663 2927 αὐτοῖς
699 2843 881 2935 παρασχὼν
917 2845 972 2914 καὶ
1005 2843 1046 2914 τά

50 2953 217 3039 κυριώτατα
239 2955 532 3044 καταστησάμενος
549 2958 617 3023 τῶν
636 2953 712 3040 περὶ
730 2951 771 3022 τὰ
789 2962 870 3022 θεῖα
889 2957 1045 3041 νομίμων
1059 2979 1086 3019 ιε

47 3053 193 3148 Ῥομόλος
214 3054 268 3151 ἦν.

110 3261 122 3311 1
141 3252 338 3328 ἐγκαταλιπεῖν
353 3274 376 3314 ο.
391 3256 481 3314 Cobet
495 3256 561 3313 Obs.
576 3275 603 3328 p.
617 3261 652 3312 45
725 3259 741 3310 2
756 3253 806 3310 καί
820 3256 886 3310 σοῖο
901 3247 936 3308 οό
950 3268 1006 3307 om.
1022 3252 1046 3305 A

56 3319 121 3381 θέκλ
136 3328 322 3400 τραπόζαιςΒ
341 3323 373 3384 ἐν
391 3327 543 3400 τραπέζαις
556 3329 582 3383 R
642 3333 676 3382 10
694 3325 844 3396 κεραμέοις
863 3325 888 3380 Α
943 3327 977 3378 14
995 3341 1045 3376 κυ-

58 3432 169 3500 λιιίσταις
190 3438 216 3492 A
252 3436 434 3499 κυλισκαιςΒ
453 3452 490 3490 an
508 3431 686 3504 ὀστρακίνοις
704 3433 892 3492 κυλικίσιιοιςῖ
949 3433 981 3483 1⁷
995 3446 1046 3482 πο-

59 3502 141 3561 laem
157 3509 179 3563 B
252 3514 286 3566 18
304 3507 395 3579 νομάς
412 3508 438 3562 Α
509 3511 544 3562 25
563 3507 689 3576 νομίμων
708 3519 762 3558 om.
781 3501 805 3555 B
