2408 3928
461 243 626 298 -B-

57 408 158 494 ἕκτης
182 404 310 485 πόλεως
336 402 479 486 ἅπαντες
506 401 575 493 ἅμα
602 407 648 497 τῷ
675 403 737 473 τὸν
769 403 890 474 Τάτιον
922 402 1053 474 άποθα-

56 513 132 602 νεῖν)
156 513 209 580 καλ
234 516 304 582 τῶν
328 516 566 582 Λαουινιατῶν
593 509 672 592 τοὺς
699 509 887 591 συστάντας
915 512 968 580 ἐπὶ
990 511 1052 581 τὸν

60 619 166 690 Τάτιον
201 625 403 712 δικαστηρίῳ
441 617 615 709 παραδοὺς
651 619 855 700 ἐκδοθέντας
890 615 955 687 ὑπὸ
994 623 1053 706 τῆς

57 728 180 813 πόλεως,
209 726 323 816 ἐπειδὴ
354 726 546 815 δικαιότερα
576 724 722 795 ἐδόκουν
752 727 863 812 λέγειν
891 723 931 796 τά
958 731 1053 812 βίαια

57 833 306 924 τιμωρησάμενοι
323 848 394 915 τοῖς
412 839 546 922 βιαίοις,
560 830 704 902 άπέλυσε
721 836 782 921 της
800 836 916 912 αίτίας.
948 836 1053 901 ταῦτα
1067 883 1080 922 5

58 941 305 1030 διαπραξάμενος
333 943 385 1012 ἐπὶ
413 939 475 1029 τὴν
498 945 696 1028 Φιδηναίων
727 938 925 1028 ἐστράτευσε
951 939 1052 1008 πόλιν

57 1047 109 1117 ἀπὸ
129 1048 368 1138 τετταράκοντα
397 1054 545 1119 σταδίων
572 1051 633 1135 τῆς
650 1044 777 1135 Ῥοόμης
798 1049 974 1134 κειμένην,
997 1071 1052 1132 με-

57 1156 146 1244 γάλην
171 1185 207 1227 τε
233 1159 290 1226 καλ
317 1155 592 1244 πολυάνθρωπον
621 1148 728 1224 οὖσαν
756 1152 839 1224 τότε.
886 1150 1053 1240 άγομένης

59 1263 107 1352 γὰρ
132 1270 178 1345 είς
204 1262 267 1353 τὴν
285 1262 416 1353 Ῥῶμην
444 1261 570 1351 άγορᾶς
602 1265 640 1331 έν
668 1261 811 1349 σκάφαις
838 1272 1053 1348 ποταμηγοῖς,

58 1367 89 1458 ἣν
109 1379 396 1460 Κρουστομερῖνοι
422 1371 630 1458 πιεζομένοις
658 1367 725 1438 ὑπὸ
753 1371 854 1456 λιμοῦ
877 1365 1054 1452 Ῥωμαίοις
1068 1391 1094 1431 ιο

56 1475 250 1564 ἀπέστειλαν,
280 1477 447 1567 ὠσάμενοι
479 1475 561 1547 κατὰ
592 1481 725 1564 πλῆθος
757 1475 810 1544 ἐπὶ
837 1472 895 1554 τδις
924 1471 1054 1560 σκάφας

17 1589 87 1651 348οί
107 1589 283 1674 Φιδηναῖοι
305 1585 369 1673 τήν
392 1613 427 1655 τε
450 1583 579 1673 άγορόιν
605 1583 795 1674 διήρπασαν
822 1582 970 1650 καὶτῶν
994 1576 1052 1647 άν-

54 1691 188 1780 δριόπων
224 1691 318 1773 τινάς
354 1696 422 1764 τῶν
460 1690 740 1778 ἐπιβοηθούντων
772 1688 972 1758 ἀπέκτειναν
1004 1690 1054 1754 αί-

53 1798 200 1887 τοόμενοί
223 1827 258 1868 τε
286 1802 381 1880 δίκας
410 1797 470 1886 οὐχ
497 1796 645 1885 ὑπεῖχον.
696 1794 750 1884 ἐφ’
777 1789 827 1877 οίς
854 1792 1089 1881 άγανακτῶν3

54 1901 254 1994 όῬωμόλος
286 1907 443 1994 ἐνέβαλεν
477 1910 524 1985 είς
553 1903 616 1991 τὴν
648 1903 762 1993 χῶραν
800 1900 912 1971 αὐτῶν
944 1904 1051 1990 πολλῇ
1067 1924 1094 1966 15

53 2018 176 2105 στρατιᾷ
198 2014 255 2082 καὶ
278 2013 460 2102 γενόμενος
487 2010 650 2100 άφθόνον
673 2019 764 2091 λείας
787 2006 947 2098 ἐγκρατὴς
970 2005 1054 2075 άπά·

54 2145 113 2202 γειν
141 2121 203 2208 μὲν
232 2120 491 2208 παρεσκευάζετο
521 2118 583 2207 τὴν
612 2118 775 2206 δύναμιν,
804 2113 1054 2198 ἐπεξελθόντων

55 2225 83 2292 δὲ
114 2231 182 2297 τῶν
218 2229 415 2314 Φιδηναίων
451 2225 613 2295 συνάπτει
655 2223 739 2313 πρὸς
776 2220 899 2302 αὐτοὺς
935 2221 1054 2309 μάχην.

54 2338 202 2422 καρτεροῦ
233 2335 271 2403 δὲ
301 2333 433 2421 άγῶνος
462 2336 650 2422 γενομένου
678 2334 734 2402 καὶ
766 2333 902 2399 πολλῶν
933 2325 1054 2396 πεσόν-

54 2467 108 2508 των
129 2439 189 2529 άφ’
214 2443 379 2530 ἑκατέρων
407 2437 615 2528 ἡσσηθέντες
642 2442 678 2507 οί
707 2442 887 2525 Φιδηναῖοι
914 2435 1051 2525 τρόπον·
1067 2467 1094 2508 εο

54 2573 96 2613 τοι
116 2545 199 2636 πρὸς
221 2546 347 2635 φυγήν,
372 2544 390 2615 ό
414 2545 446 2614 δ’
468 2549 504 2616 ἐκ
522 2544 628 2626 ποδός
645 2547 916 2614 συνακολουθῶν
939 2541 1055 2623 αὐτοῖς

55 2661 268 2725 συνεισπίπτει
295 2668 367 2734 τοῖς
393 2653 583 2741 φεύγουσιν
611 2658 659 2733 είς
684 2652 722 2721 τὸ
745 2666 861 2740 τεῖχος.
908 2648 1095 2737 ἁλούσης4

56 2758 85 2826 δὲ
107 2763 164 2849 τῆς
194 2761 323 2842 πόλεως
355 2764 387 2844 ἐξ
415 2760 545 2849 ἐφόδου
577 2759 852 2848 τιμωρησάμενος
879 2761 912 2841 ἐξ
941 2756 1054 2828 αὐτῶν

56 2862 176 2952 ὀλίγους
196 2870 251 2938 καὶ
275 2867 431 2956 φυλακην
456 2871 493 2937 ἐν
516 2872 556 2958 τῇ
574 2868 671 2936 πόλει
689 2871 891 2956 τριακοσίων
914 2863 1053 2954 ἀνδρῶν

55 2973 229 3043 καταλιπῶν
260 2979 319 3063 τῆς
350 3002 385 3046 τε
416 2973 526 3065 χώρας
559 2989 684 3064 μοῖραν
717 2972 980 3061 ἀποτεμόμενος,
1010 2969 1054 3059 ἣν
1069 3005 1095 3046 ιε

57 3092 114 3159 τοῖς
130 3084 301 3172 σφετέροις
320 3085 456 3167 διεῖλεν,
480 3080 638 3150 άποικίαν
657 3084 791 3166 ἐποίησε
805 3077 980 3169 Ῥωμαίων
998 3080 1055 3146 καὶ

115 3239 385 3314 2*λαβινιατῶνο
462 3247 480 3296 4
503 3240 679 3311 δικαιοτέραι
697 3244 722 3296 A
799 3246 815 3296 δ
839 3234 1056 3312 τιμωρήσασθαι

59 3305 199 3375 φάσκοντες
217 3329 241 3368 ο.
255 3312 360 3368 Reiske
428 3315 637 3382 σφειδηναίων
654 3313 701 3367 hie
717 3313 744 3367 ολ
760 3313 800 3367 sio
813 3311 872 3366 fere
887 3326 997 3380 semper
1010 3310 1032 3362 Β
1050 3309 1053 3381 λ

59 3378 237 3450 διεοτράτενσε
257 3385 311 3439 AB
389 3391 422 3439 10
445 3383 659 3455 κρουστομέριοι
677 3383 755 3438 BbR
782 3379 991 3453 κροστομέρειοι
1010 3381 1056 3436 Ba

60 3468 115 3508 corr.
132 3454 286 3511 Ambrosoh
303 3456 307 3526 Ι
323 3451 487 3526 πιεζόμενοι
505 3455 551 3510 Βει
607 3461 640 3510 14
658 3449 822 3528 όπεῖ<κ>ον
840 3454 863 3508 Β
918 3459 953 3508 26
972 3446 1055 3507 ἄποι-

59 3524 111 3577 ιίαν
127 3526 148 3580 Β
165 3521 288 3582 άκοικον
306 3528 332 3582 R
