2396 3918
146 233 210 298 170
567 238 731 291 -B-

142 420 257 475 τοντες
277 394 445 483 ἀλλήλους
465 398 521 465 καλ
549 396 705 484 φυγάδας
727 395 928 476 ἐλαύνοντες
954 396 989 463 ἐκ
1014 398 1067 481 τῆς
1085 393 1132 462 πό-

143 509 226 582 λεως
247 503 306 600 καὶΙ
327 501 468 585 οὐδενὸς
489 508 558 574 τῶν
576 501 770 591 ἀνηκέστων
789 501 991 591 ἀπεχόμενοι
1008 497 1088 588 παρὰ
1103 499 1132 568 τὸ

143 611 253 676 νικᾶν.
288 608 373 678 άλλά
395 611 471 696 περὶ
489 609 551 699 μέν
570 609 699 680 τούτων
719 612 831 696 ἕτερος
844 615 936 678 ἐσται
955 623 1024 688 τοῖς
1039 607 1133 694 λόχοις

142 713 258 804 καιρὸς
281 715 552 806 ἐπιτηδειότερος.

102 847 116 888 ο
232 825 305 890 XII.
337 820 373 889 Ὁ
405 822 443 890 δέ
469 819 639 910 Ῥωμύλος
671 820 784 910 ἐπειδή
821 825 926 890 ταῦτα
958 819 1136 908 διεκόσμησε

143 927 327 1014 βουλευτάς
349 928 455 1010 εὐθὺς
474 935 561 1016 ἔγνω
578 929 864 1017 καταστήσασθαι,
888 927 965 1016 μεθ’
985 919 1033 996 ὧν
1055 926 1137 1012 πράτ-

141 1050 212 1104 τεῖν
246 1034 287 1106 τά
318 1036 416 1107 κοινά
450 1042 603 1125 ἔμελλεν,
640 1038 676 1104 ἐκ
707 1039 777 1105 τῶν
807 1041 992 1124 πατρικίων
1029 1032 1138 1120 ἄνδρας

143 1140 261 1210 ἑκατὸν
286 1143 526 1232 ἐπιλεξάμενος.
546 1215 548 1220 ,
572 1145 716 1212 ἐποιεῖτο
739 1141 778 1211 δὲ
800 1139 913 1212 αὐτῶν
935 1143 1072 1211 τοιάνδε
1091 1139 1137 1226 τήν
1186 1187 1187 1192 1

144 1250 323 1337 διαίρεσιν·
361 1247 461 1331 αὐτὸς
493 1249 555 1338 μέν
584 1251 618 1331 ἐξ
647 1247 807 1319 ἁπάντων
841 1251 900 1318 ἕνα
927 1247 989 1317 τὸν
1018 1246 1139 1336 ἄριστον

102 1380 129 1420 ιο
143 1351 330 1443 ἀπέδειξεν,
358 1347 385 1449 ᾧ
416 1355 475 1437 τὰς
505 1355 588 1425 κατὰ
615 1355 716 1425 πόλιν
749 1354 832 1448 ρ’όετο
864 1360 939 1424 δεῖν
971 1357 1140 1443 ἐπιτρέπειν

143 1465 351 1551 οἰκονομίας,
384 1461 440 1533 ὅτε
476 1461 577 1543 αὐτὸς
613 1462 725 1550 ἐξάγοι
762 1460 921 1550 στρατιὰν
958 1460 1139 1552 ὑπερόριον·

102 1567 123 1632 2
141 1573 209 1638 τάν
234 1568 271 1639 δέ
290 1574 409 1658 φυλῶν
429 1569 549 1659 ἑκάστη
567 1571 748 1658 προσέταξε
766 1584 855 1656 τρεῖς
872 1567 1002 1657 ἄνδρας
1020 1569 1141 1638 ἑλέσθαι
1188 1619 1189 1646 ,

141 1673 221 1756 τοὺς
248 1679 285 1745 ἐν
313 1682 353 1767 τῇ
382 1676 620 1766 φρονιμωτάτῃ
648 1675 723 1745 τότε
756 1674 857 1756 ὄντας
883 1674 997 1766 ἡλικίᾳ
1025 1676 1080 1744 καὶ
1105 1672 1139 1741 δι’
1188 1697 1189 1724 ¹

142 1780 315 1868 εὐγένειαν
349 1786 530 1871 ἐπιφανεῖς.
585 1781 666 1870 μετά
699 1782 737 1850 δέ
773 1781 852 1862 τοὺς
885 1785 985 1851 ἐννέα
1016 1781 1142 1859 τούτους

102 1912 128 1954 15
144 1887 285 1976 ἑκάστην
309 1889 462 1978 φράτραν
481 1888 583 1959 πάλιν
607 1890 759 1958 ἐκέλευσε
781 1903 871 1976 τρεῖς
893 1890 928 1956 ἐκ
950 1893 1021 1957 τῶν
1042 1901 1143 1973 πατρι-

142 2000 227 2064 κίων
241 1994 414 2078 άποδεῖξαι
431 1994 511 2077 τοὺς
529 1993 831 2083 ἐπιτηδειοτάτους·
851 2000 961 2063 ἐπειτα
978 2010 1050 2076 τοῖς
1063 1992 1190 2082 πράῖῦὶι

142 2129 213 2182 τοις
245 2105 344 2173 ἐννέα
375 2119 446 2184 τοῖς
477 2101 543 2172 ὑπὸ
575 2107 645 2172 τῶν
673 2107 793 2190 φυλῶν
823 2100 1057 2190 ἀποδειχθεῖσι
1078 2101 1146 2179 τοὺς
1189 2139 1190 2154 2

103 2267 106 2272 Α
143 2209 346 2297 ἐνενήκοντα
368 2215 542 2299 προσθείς,
562 2205 622 2290 οδς
645 2213 683 2278 αῖ
703 2213 850 2297 φρᾶτραι
872 2213 1146 2297 προεχειρίσαντο,

142 2317 199 2384 καλ
225 2315 371 2402 τούτων,
387 2313 443 2388 ,ὃν
471 2313 572 2396 αὐτὸς
598 2319 814 2405 προέκρινεν,
842 2312 993 2403 ἡγεμόνα
1015 2313 1147 2402 ποιήσας

103 2421 202 2492 εοτὸν
247 2427 316 2492 τῶν
362 2420 481 2492 ἐκατδν
523 2422 728 2511 ἐξεπλήρωσε
764 2426 960 2508 βουλευτῶν
997 2419 1149 2509 άριθμόν.

105 2526 241 2598 3τοῦτο
263 2528 302 2598 τὸ
327 2531 509 2616 συνέδριον
527 2527 717 2616 Ἑλληνιστὶ
746 2528 1018 2617 ἑρμηνευόμενον
1041 2554 1149 2617 γερου-

144 2640 221 2703 σίαν
254 2634 396 2704 δύναται
428 2639 556 2722 δηλοῦν
588 2636 644 2703 καὶ
675 2637 770 2724 μέχρι
799 2639 861 2704 τοῦ
892 2635 1060 2725 παρόντος
1090 2632 1149 2703 ὑπὸ

139 2739 313 2829 Ῥωμαίων
337 2738 443 2820 οὕτως
465 2749 620 2810 καλεῖται.
660 2741 804 2831 πότερον
829 2741 866 2810 δὲ
886 2740 943 2809 διά
966 2746 1071 2831 γῆρας
1088 2745 1150 2809 τάν

215 2943 231 2992 8
250 2931 364 2991 τοιάνδε
383 2931 447 2991 τινά
467 2933 519 3006 τὴν
539 2955 561 2993 ο.
580 2937 683 2992 Reiske
762 2944 777 2992 9
798 2937 907 3008 αἵρεσιν
930 2955 953 2992 ο.
979 2938 1068 2993 Cobet
1091 2936 1149 2991 Obs.

142 3026 171 3079 p.
191 3013 225 3062 42
299 3013 333 3062 10
351 3004 424 3062 κατά
443 3003 496 3077 τήν
515 3005 597 3063 πόλιν
617 3025 640 3064 ο.
660 3009 815 3064 Ambrosch
889 3014 922 3063 13
940 3027 970 3064 τε
991 3004 1077 3072 ὄντας
1096 3007 1151 3062 Sin·

143 3079 217 3135 tenis
235 3079 296 3133 Em.
315 3079 396 3134 Dion.
415 3081 429 3134 I
450 3086 513 3149 p.9
592 3086 627 3135 15
646 3075 772 3152 *ἑκάστη
797 3077 952 3155 φράτρᾳΟ
1032 3085 1064 3135 16
1087 3075 1152 3133 άπο-

144 3151 237 3217 δεῖξαι
259 3149 404 3221 Kiessling
436 3145 563 3216 ἐπιλέξαι
587 3151 610 3206 Ο
645 3147 831 3217 ἐπιλέξασθαι
853 3150 962 3221 Kayser
989 3152 1060 3207 Am
1087 3150 1151 3221 phil.

145 3228 213 3278 1863
232 3228 297 3292 p.4
378 3229 411 3277 1‘1
431 3217 744 3292 τοῖς-άπαδειχθεῖσι
771 3223 826 3278 del.
853 3222 955 3277 Garrer
982 3222 1048 3278 Oba.
1071 3241 1097 3292 p.
1120 3227 1153 3276 36

182 3300 214 3350 18
232 3295 483 3363 προνχειρίσαντοῖ
544 3300 576 3348 19
595 3288 784 3362 προόκρινενῖ
849 3300 882 3348 21
903 3293 1053 3363 συνέδριον
1070 3287 1153 3379 <hd-

144 3367 186 3420 λει
205 3364 324 3420 σενάτον
343 3357 381 3434 δ)
400 3380 423 3417 ο.
442 3363 544 3418 Reiske
563 3363 712 3432 συνέδριον
730 3359 825 3436 (κατά
851 3359 904 3454 τήν
927 3363 981 3436 μὲν
1007 3360 1153 3434 ἐπιχαριον

146 3431 293 3490 διάλεκτον
321 3439 450 3489 καλεῖται
477 3431 612 3502 Σεκάτος,
640 3435 723 3490 τοῦτο
751 3435 784 3491 δὲ
808 3432 841 3492 τὸ
869 3436 983 3509 ονομα)
1002 3431 1155 3505 Ἑλληνιστὶ

146 3520 170 3558 ο.
189 3504 278 3560 Οολιολ
296 3506 362 3560 Oba.
381 3523 409 3574 p.
428 3510 463 3558 42
537 3510 570 3559 23
590 3499 679 3568 οὕτως
697 3502 754 3562 ὑπὸ
772 3503 916 3579 Ῥωμαίων
935 3509 961 3562 Α
