2412 3912
167 239 188 305 6
440 271 445 281 ,
590 243 756 294 -ι-

129 402 200 482 ῦέξ
223 391 264 467 οὗ
283 400 321 468 δέ
339 399 419 486 ὅλης
438 399 618 486 ἐκράτησεν
634 397 773 480 Ἰταλίας
794 400 851 466 καὶ
870 399 923 467 ἐπὶ
940 395 1004 485 τὴν
1021 396 1169 466 ἁπάντων

167 505 357 594 ἐθάρρησεν
384 504 490 594 ἀρχὴν
517 513 714 592 προελθεῖν,
748 507 937 592 ἐκβαλοῦσα
969 503 1030 592 μέν
1057 506 1092 572 ἐκ
1116 507 1171 590 τῆς

165 612 334 701 θαλάττης
357 616 629 700 Καρχηδονίους,
658 617 694 680 οδ
713 617 871 697 πλείστην
894 616 994 699 ἔσχον
1017 608 1170 697 ναυτικὴν
1200 661 1201 664 ,

166 721 327 806 δύναμιν,
372 716 589 810 ὑποχείριον,
614 718 651 786 δέ
692 722 844 805 λαβοῦσα
884 721 1120 804 Μακεδονίαν,
1153 711 1170 802 ἣ

138 828 246 907 ετέως
279 828 387 895 ἐδόκει
419 827 578 913 μέγιστον
613 824 741 912 ίσχύειν
772 822 857 894 κατὰ
887 827 969 912 γῆν,
1002 821 1104 892 ούδέν
1130 829 1172 892 ἔτι

164 931 350 1002 άντίπαλον
382 937 505 1019 ἔχουσα
538 930 615 1000 οῦτε
651 930 825 1019 βάρβαρον
862 935 973 1018 φῦλον
1007 928 1083 999 οῦτε
1110 927 1173 997 Ἑλ·
1197 976 1202 1102 J

165 1037 305 1126 ληνικδν
341 1038 461 1125 γενεάν
504 1037 654 1124 ἑβδόμην
694 1037 759 1126 ἤδη
800 1036 864 1125 τὴν
901 1034 952 1107 ἐπ’
987 1038 1070 1123 ἐμοῦ
1108 1041 1195 1104 δια-1

153 1147 257 1233 ,μένει
289 1144 412 1224 παντὸς
447 1142 600 1233 ἄρχουσα
631 1143 750 1213 τόπου·
793 1150 895 1224 ἔθνος
929 1143 968 1212 δέ
999 1142 1103 1212 ούδέν
1135 1141 1175 1221 ὡς

165 1257 271 1321 είπεῑν
295 1255 401 1338 ἐστιν,
425 1247 444 1319 δ
469 1251 545 1336 περὶ
568 1256 627 1337 τῆς
648 1255 766 1338 κοινῆς
792 1248 973 1337 ἡγεμονίας
1000 1246 1022 1336 ἢ
1049 1254 1113 1318 τοῦ
1136 1247 1175 1336 μὴ

125 1325 328 1452 Ξάρχεσθαι
352 1357 434 1447 πρὸς
457 1354 564 1445 αύτὴν
594 1359 796 1445 διαφέρεται.
842 1354 926 1425 ἄλλά
948 1355 1013 1445 γὰρ
1042 1355 1095 1424 ὅτι
1119 1355 1177 1443 μὲν

165 1464 242 1535 οῦτε
264 1463 326 1552 τὴν
350 1467 526 1551 ἐλαχίστην
550 1467 620 1531 τῶν
641 1461 841 1533 ὑποθέσεων
864 1463 1071 1552 προῄρημαι,
1096 1471 1178 1530 καθ·

163 1572 247 1658 άπερ
276 1576 378 1658 ἔφην,
408 1568 484 1640 οῦτε
512 1570 588 1664 περὶ
621 1569 753 1658 φαύλας
783 1570 839 1638 καὶ
868 1565 1019 1657 ἀσήμους
1044 1569 1203 1657 πράξεις’

164 1684 293 1764 ἔγνωκα
316 1681 517 1765 διατρίβειν,
546 1673 634 1744 άλλδι
662 1681 741 1762 περί
763 1702 798 1744 τε
827 1675 955 1756 πόλεως
977 1676 1099 1764 γράφω
1125 1679 1181 1760 τῆς

163 1783 448 1873 περιφανεστάτης
470 1783 525 1852 καλ
547 1784 623 1870 περὶ
645 1782 797 1871 πράξεων
815 1774 864 1851 όν
884 1780 946 1852 ούκ
969 1779 1013 1850 διν
1036 1788 1109 1870 ἔχοι
1133 1807 1180 1859 τις

124 1915 149 1956 ιε
165 1891 276 1979 ἑτέρας
304 1891 533 1971 ἐπιδείξασθαι
566 1890 809 1978 λαμπροτέρας,
838 1887 901 1958 οῦκ
932 1887 999 1958 οἶδ’
1031 1887 1096 1976 ῦ,τι
1131 1894 1185 1956 δεῖ

162 2002 264 2065 πλείω
288 1999 407 2083 λέγειν.

250 2105 328 2172 ΠΠ.
352 2101 423 2170 Ὅτι
447 2101 479 2168 δ’
502 2099 564 2170 οῦκ
586 2100 670 2171 άυευ
687 2107 852 2190 λογισμοῦ
869 2105 925 2171 καὶ
943 2108 1106 2191 προνοίας
1126 2108 1183 2188 ἐμ-

162 2235 291 2297 φρονος
314 2209 366 2276 ἐπὶ
389 2207 429 2276 τδι
453 2207 577 2276 παλαιὰ
604 2212 674 2277 τῶν
703 2211 953 2298 ἱστορουμένων
976 2210 1052 2298 περὶ
1076 2207 1187 2294 αὐτῆς

163 2314 368 2405 ἐτραπόμην,
406 2312 481 2388 ἀλλ’
515 2319 601 2402 ἔχων
639 2312 853 2402 εὐλογίστους
893 2313 1085 2384 άποδοῦναι
1127 2319 1189 2400 τῆς

3 2419 4 2422 “
123 2456 150 2495 το
163 2425 389 2512 προαιρέσεως
419 2426 542 2507 αίτίας,
576 2420 674 2524 όλίγα
703 2419 870 2509 βούλομαι
904 2435 1094 2510 προειπεῖν,
1128 2425 1193 2490 ἵνα

163 2529 208 2617 μή
231 2555 320 2609 τινες
338 2529 559 2616 ἐπιτιμήσωσί
574 2554 632 2615 μοι
650 2532 718 2595 τάν
737 2526 819 2616 πρὸς
837 2526 969 2597 ἅπαντα
987 2534 1193 2614 φιλαιτίων,

164 2634 266 2704 ούδέν
298 2661 349 2703 πω
380 2639 449 2704 τῶν
477 2633 669 2721 μελλόντων
701 2639 890 2722 δηλοῦσθαι
921 2635 1198 2724 προακηκοότες,

164 2740 216 2810 ότι
234 2745 292 2827 τῆς
311 2739 470 2828 άοιδίμου
484 2743 669 2827 γενομένης
685 2739 765 2809 καθ’
782 2739 869 2830 ἡμᾶς
886 2741 1015 2822 πόλεως
1032 2739 1200 2823 ἀδόξους

162 2849 218 2916 καὶ
250 2846 341 2915 πάνυ
372 2845 530 2926 ταπεινάς
566 2847 626 2928 τὰς
658 2847 789 2935 πρύτας
820 2847 977 2937 άφορμδις
1008 2848 1204 2935 λαβούσης

121 2985 149 3026 ω
162 2955 219 3022 καὶ
247 2951 310 3022 ούκ
337 2951 432 3036 άξίας
461 2956 629 3041 ίστορικῆς
657 2952 870 3043 ἀναγραφῆς,
904 2952 946 3025 ού
973 2962 1123 3035 πολλαῖς
1160 2956 1204 3024 δὲ

161 3073 293 3148 γενεαῖς
319 3059 484 3149 πρότερον
517 3065 564 3140 είς
592 3060 790 3148 ἐπιφάνειαν
818 3063 873 3129 καὶ
901 3061 1005 3143 δόξαν
1037 3057 1204 3150 άφιγμέ-

234 3286 360 3360 νάρχὴν
381 3287 521 3359 ἐθάρρησε
541 3289 567 3343 Δ
582 3293 587 3360 Ι
603 3294 759 3359 παρελθεῖν
777 3291 800 3345 Β
877 3297 893 3347 8
913 3289 1000 3355 ἔθνος
1017 3310 1048 3346 τε
1070 3308 1096 3346 ο.
1129 3293 1204 3350 δῖε

162 3364 272 3431 phanus
364 3366 397 3416 15
417 3356 502 3416 ὅτιΟ
526 3378 594 3418 corr.
614 3362 724 3418 Ritschl
740 3364 743 3432 Ι
760 3364 807 3418 δεῖ
828 3379 881 3418 om.
900 3362 924 3416 B
1015 3369 1049 3418 18
1068 3367 1204 3421 παλαις

164 3451 233 3488 corr.
257 3432 419 3502 Sfflephanus
442 3429 531 3486 πάλαι
555 3432 576 3487 0
664 3439 697 3488 19
718 3429 843 3523 ἐτράπτμ
860 3434 886 3487 Α
957 3439 1006 3506 Ι22
1026 3428 1128 3488 οὐδέν
1160 3459 1204 3493 πε

165 3504 253 3559 Cobet
273 3503 338 3558 obs.
352 3521 379 3572 p.
395 3509 430 3559 20
462 3498 548 3559 οῦδὲν
568 3500 685 3558 οῦιιωΟ
758 3501 931 3571 ῖ4αδόξους
948 3502 1025 3560 πάνυ
1047 3503 1103 3559 καὶ
1132 3510 1171 3563 A
