2396 3918
455 228 618 284 -Β-
979 223 1041 293 191

40 389 124 474 ρείνς
153 386 303 470 ἐξελάσαι
333 390 394 476 τῆς
429 390 537 470 οίκίας
568 388 804 475 ἐπιτρέψαντες
834 384 958 468 αὐτοὺς
987 386 1045 456 καὶ
1183 420 1184 460 ι

40 492 180 582 χρήματα
201 492 247 583 μὴ
269 501 475 582 καταλιπεῖν,
497 495 681 583 περαιτέρω
705 494 745 564 δὲ
767 491 880 564 οὐδέν.
920 494 986 563 είσδ
1009 492 1042 562 δ’
1183 467 1184 556 ἐ

41 598 93 688 οὐχ
113 602 227 670 ίκαναδ
248 615 426 690 κατασχεῖν
449 600 573 672 ἀνοιαν
594 601 753 690 νεότητος
773 602 831 672 καί
852 599 1044 671 αὐθάδειαν

39 705 162 794 τρόπων
186 705 263 778 οὐδ’
284 713 332 791 είς
354 707 392 779 τὸ
416 712 556 800 σῶφρον
578 706 720 797 ἀγαγεῖν
737 707 818 791 τοὺς
839 705 1046 798 ἠμεληκότας

39 816 99 882 τάν
119 817 233 884 καλῶν
256 815 295 884 αί
314 817 459 904 μαλακαί
480 821 652 905 τιμωρίαι·
682 814 855 906 τοιγάρτοι
876 813 984 886 πολλὰ
1006 817 1045 884 ἐν
1072 840 1086 882 ε

34 917 181 1007 Ἓλλησιν
203 917 271 990 ἀπὸ
294 923 422 991 τέκνων
446 928 494 1004 είς
514 924 659 1011 πατέρας
675 920 924 1011 ἀσχημονεῖται.
965 919 983 991 ὁ
1007 920 1086 990 δδ4

40 1031 98 1096 τῶν
118 1025 295 1115 Ῥωμαίων
321 1031 511 1118 νομοθέτης
542 1028 676 1099 ἀπασαν
706 1025 753 1110 ἀς
782 1032 888 1099 εἰπεῖν
921 1032 1047 1098 ἐδωκεν

42 1135 184 1214 ἐξουσίαν
213 1135 314 1224 πατρὶ
340 1133 421 1206 καθ’
447 1139 529 1206 υίοῦ
554 1137 611 1206 καὶ
643 1129 733 1227 παρὰ
759 1135 870 1208 πάντα
896 1133 958 1205 τὸν
985 1137 1047 1205 τοῦ

44 1244 107 1325 βίον
128 1241 275 1332 χρόνον,
298 1242 359 1313 ἐάν
381 1269 416 1313 τε
440 1252 580 1332 εἴργειν,
608 1241 669 1314 ἐάν
696 1270 732 1314 τε
761 1246 963 1332 μαστηοῦν,
987 1240 1047 1312 ἐάν

43 1371 69 1413 τε
99 1351 240 1437 δέσμιον
277 1349 331 1418 ἐπὶ
370 1353 439 1418 τῶν
482 1347 553 1420 κατ’
593 1347 701 1439 ἀγρὸν
742 1354 852 1438 ἐργων
887 1351 1048 1436 κατέχειν,
1062 1377 1087 1418 ιο

43 1452 91 1521 ἐάν
119 1480 154 1523 τε
189 1453 437 1526 ἀποκτιννύναι
468 1459 685 1544 προαιρῆται,
720 1453 785 1526 κάν
821 1455 863 1526 τά
894 1452 1049 1526 πολιτικά

42 1559 185 1648 πράττων
219 1559 237 1630 ὁ
270 1576 349 1643 παῖς
380 1561 447 1650 ἤδη
479 1563 628 1654 τυγχάνῃ
660 1559 725 1634 κάν
757 1566 795 1634 ἐν
827 1561 946 1653 ἀρχαῖς
976 1575 1049 1642 ταῖς

43 1673 201 1754 μεγίσταις
237 1667 469 1757 ἐξεταζόμενος
503 1663 569 1738 κάν
606 1666 664 1738 διά
694 1666 757 1757 την
794 1673 843 1751 είς
873 1667 915 1739 τὰ
949 1664 1049 1739 κοινά

43 1781 227 1864 φιλοτιμίαν
263 1773 513 1863 ἐπαινούμενος.
564 1773 648 1844 κατά
679 1775 803 1846 τοῦτόν
834 1777 876 1863 γέ
904 1801 957 1844 τοι
986 1771 1088 1844 τὸν5

8 1879 142 1969 ῖεενόμον
170 1881 297 1973 ἀνδρες
332 1886 506 1970 ἐπιφανεῖς
537 1885 745 1971 δημηγορίας
777 1882 959 1965 διεξιόντες
994 1881 1048 1950 ἐπὶ
1063 1909 1088 1952 ιι

43 1991 100 2056 τῶν
126 1989 284 2078 ἐμβόλων
310 1991 465 2070 ἐναντίας
492 1987 554 2077 μὲν
586 1992 627 2076 τῇ
654 1992 778 2078 βουλῇ,
807 1989 1049 2077 κεχαρισμένας

46 2094 75 2162 δέ
101 2109 171 2177 τοῖς
205 2099 413 2184 δημοτικοῖς,
445 2099 501 2164 καὶ
533 2094 669 2185 σφόδρα
701 2092 959 2183 εὐδοκιμοῦντες
995 2093 1050 2162 ἐπὶ

44 2200 165 2285 ταύταις
187 2205 481 2284 κατασπασθέντες
502 2201 568 2272 ἀπὸ
591 2205 653 2272 τοῦ
673 2201 823 2290 βήματος
845 2198 1048 2288 ἀπήχθησαν

45 2305 98 2377 ἀπὸ
127 2314 199 2379 τῶν
230 2313 402 2400 πατέρων,
433 2306 478 2397 ἢν
511 2306 555 2378 ἀν
586 2311 729 2389 ἐκείνοις
760 2311 853 2398 φανῇ
883 2311 1049 2394 τιμωρίαν

47 2411 227 2502 ὑφέξοντες·
260 2412 321 2497 οὓς
346 2414 583 2504 ἀπαγομένους
611 2415 667 2484 διά
694 2419 754 2502 τῆς
780 2412 908 2501 ἀγοράς
937 2408 1049 2491 οὐδεὶς
1063 2441 1090 2481 ευ

10 2579 11 2582 ,
47 2526 103 2590 τῶν
118 2522 299 2612 παρόντων
320 2525 493 2606 ἐξελέσθαι
513 2521 659 2603 δυνατὸς
675 2515 720 2609 ἦν
735 2520 813 2592 οὔτε
831 2518 957 2599 ὕπατος
973 2517 1050 2588 οάτε

49 2628 205 2719 δήμαρχος
228 2629 306 2700 οὔτε
330 2627 347 2700 ὁ
366 2629 634 2717 κολακευόμενος
655 2625 712 2698 ὑπ’
734 2627 847 2697 αὐτῶν
864 2627 921 2694 καὶ
938 2630 1051 2694 πᾶσαν

49 2735 190 2815 ἐξουσίαν
213 2737 338 2806 ἐλάττω
361 2740 420 2824 τῆς
451 2740 540 2816 ίδίας
567 2735 654 2804 εἶναι
682 2741 829 2822 νομίζων
852 2732 959 2820 ὄχλος.
1006 2734 1089 2802 ἐῶ6

50 2838 100 2927 γάρ
122 2844 231 2931 λέγειν
256 2841 359 2923 ὅσους
381 2841 579 2912 ἀπέκτειναν
602 2845 637 2910 οί
657 2841 794 2929 πατέρες
818 2838 946 2927 ἀνδρας
969 2834 1050 2924 ἀγα-

51 2946 122 3028 θοὺς
142 2947 200 3018 ὑπ’
226 2947 347 3038 ἀρετῆς
368 2949 425 3016 καὶ
446 2953 642 3037 προθυμίας
668 2947 785 3033 ἕτερόν
812 2973 845 3014 τι
870 2945 1050 3035 διαπράξα-
1064 2966 1090 3008 ει

111 3149 125 3199 2
148 3142 318 3214 περαιτέρωι
340 3145 363 3199 Β
445 3150 460 3200 6
483 3138 540 3198 ἀπὸ
564 3142 673 3198 τέκνων
698 3139 740 3204 είς
761 3142 930 3211 πατέραςΑ
955 3138 997 3203 είς
1020 3159 1048 3194 π.

54 3206 98 3268 δκὸ
114 3217 180 3272 τ.Ιδ
203 3219 209 3287 Ι
232 3215 306 3270 Hine
328 3231 417 3287 usque
440 3215 477 3270 ad
502 3220 596 3282 193‚1
624 3214 655 3269 in
676 3212 804 3283 margine
827 3215 849 3268 Β
877 3211 1050 3280 adscriptum

56 3287 90 3337 δεῖ
104 3282 143 3356 σή.
161 3282 206 3343 ’ότι
228 3288 325 3342 πᾶσαν
348 3283 481 3353 ἐξουσίαν
504 3282 580 3356 εἶχεν
604 3283 635 3352 ἐξ
658 3277 753 3354 ἀρχῶν
775 3280 868 3352 πατὴρ
893 3278 966 3337 κατὰ
984 3277 1050 3335 οίοῦ

56 3351 242 3485 νεικεῖ
259 3353 356 3484 ἕλει
376 3350 535 3484 ὅταν
552 3353 688 3489 εῖναι
713 3443 728 3481 0
754 3351 1051 3493 διατελεῖτε

59 3512 100 3549 ταν
116 3450 353 3570 ΟῗοοτεάΙδοὶἐΙτο
425 3506 460 3555 25
477 3494 530 3554 ἀπ’
550 3500 573 3553 Β
591 3494 665 3566 ἀπδρ
682 3498 708 3551 Β,
730 3467 736 3481 ι
