2412 3912
153 205 174 268 ν
580 201 744 254 -ε-
859 164 866 173 ”

152 362 315 452 σθήσεται
343 376 414 443 τοῖς
441 361 593 449 σάμασιν
620 358 732 428 αὐτῶν
759 357 825 428 ὑπὸ
854 362 915 428 τοῦ
938 357 1079 446 χρόνον,
1111 357 1162 423 καὶ

151 471 288 539 πάντων
311 468 454 557 μάλιστα
477 467 557 549 τούς
579 465 838 555 ἀναγράφοντας
861 469 1025 554 ἱστορίας,
1048 465 1090 532 ἐν
1114 457 1162 542 αἷς

151 580 382 663 καθιδρύσθαι
414 574 476 664 την
509 573 675 664 ἀλήθειαν
705 572 850 663 [πάντες]
883 570 1163 658 ὑπολαμβάνομεν

151 682 259 772 ἀρχὴν
283 681 480 771 φρονήσεώς
506 708 541 750 τε
568 682 625 750 καὶ
648 686 770 768 σοφίας
793 672 917 768 οὖσαν,
945 681 1079 764 πρῶτον
1104 676 1162 764 μὲν

124 787 331 870 οδποθέσεις
352 797 590 878 προαιρεῖσθαι
614 785 716 868 καλάς
742 787 799 854 καί
828 795 1088 876 μεγαλοπρεπεῖς
1111 784 1192 851 uam

149 896 279 984 πολλὴν
321 890 485 983 ύφέλειαν
531 907 602 974 τοῖς
646 891 941 981 ἀναγνωσομένοις
985 891 1165 981 φερούσας,

150 1009 262 1071 ἔπειτα
306 1001 618 1090 παρασκευάζεσθαι
664 1000 721 1080 τὰς
767 1002 974 1086 ἐπιτηδείους
1015 1003 1062 1079 είς
1103 996 1164 1083 τὴν

150 1107 353 1198 ἀναγραφὴν
375 1112 435 1194 της
456 1105 650 1187 ὑποθέσεως
669 1104 822 1194 άφορμάς
845 1105 925 1194 μετὰ
949 1109 1075 1191 πολλῆς
1100 1106 1164 1171 ε’πι-

110 1210 131 1274 3
151 1221 283 1303 μελείας
304 1241 339 1282 τε
362 1215 418 1281 καὶ
441 1220 648 1302 φιλοπονίας.
693 1215 731 1280 ολ
751 1211 899 1301 μὲνγὰρ
923 1210 1006 1301 ὑπέρ
1031 1210 1162 1292 άδόξων

110 1341 137 1381 10
149 1321 354 1411 πραγμάτων
387 1317 408 1407 ἢ
441 1323 600 1410 πονηρῶν
632 1315 653 1406 ἢ
686 1323 849 1408 μηδεμιᾶς
883 1322 1032 1405 σπουδῆς
1054 1315 1166 1398 ἀξίων

150 1428 319 1517 ἱστορικὰς
341 1428 609 1515 καταβαλόμενοι
635 1431 875 1514 πραγματείας,
905 1435 969 1494 είτε
996 1428 1058 1493 τού
1086 1449 1167 1512 προ-

150 1543 265 1604 ελθείν
306 1540 353 1616 είς
390 1538 519 1622 γνῶσιν
557 1532 753 1622 ὀρεγόμενοι
789 1533 845 1601 καὶ
881 1545 994 1619 τυχεῖν
1029 1529 1167 1600 ὁποιου-Ι

150 1640 274 1727 δήποτε
302 1640 481 1728 ὀνόματος,
515 1649 580 1708 είτε
607 1645 805 1728 περιουσίαν
835 1637 1079 1720 ἀποδείξασθαι
1094 1641 1168 1724 ’τῆς

149 1748 225 1834 περὶ
248 1746 369 1834 λόγους
392 1746 568 1833 δυνάμεως
587 1745 805 1834 βουλόμενοι,
829 1745 910 1838 ούτε
928 1749 988 1833 τῆς
1009 1744 1170 1832 γνώσεως

73 1887 75 1890 ·
109 1871 135 1912 1⁵
151 1858 328 1943 ζηλοῦνται
346 1852 436 1942 παρὰ
454 1867 524 1934 τοϊς
541 1853 808 1940 ἐπιγιγνομένοις
822 1851 900 1922 ούτε
917 1857 976 1940 τῆς
990 1851 1171 1938 δυνάμεως

150 1964 383 2047 ἐπαινοῦνται,
434 1959 535 2042 δόξαν
581 1960 854 2047 ἐγκαταλιπόντες
902 1973 971 2039 τοῖς
1016 1956 1169 2042 ἀναλαμ-

148 2068 315 2155 βάνουσιν
339 2065 452 2136 αὐτόν
474 2064 534 2147 τάς
552 2069 712 2155 ἱστορίας,
732 2065 784 2136 ότι
801 2066 976 2145 τοιούτους
994 2062 1169 2149 ἐζήλωσαν

85 2179 89 2188 ’
150 2171 246 2242 αὐτοὶ
269 2179 375 2260 βίους,
399 2176 472 2252 οἵας
495 2174 660 2254 ἐξέδωκαν
679 2172 737 2254 τδις
759 2171 904 2260 γραφάς·
929 2172 1077 2248 ἐπιεικῶς
1094 2166 1168 2254 γὰρ

148 2279 291 2360 ἅπαντες
313 2285 508 2368 νομίζουσιν
532 2279 665 2359 είκόνας
692 2277 778 2348 εἶναι
801 2281 859 2364 τῆς
891 2277 1033 2345 ἑκάστου
1055 2277 1174 2361 ψυχῆς

108 2359 227 2486 ἒοτούς
250 2377 382 2474 λόγους.
423 2390 459 2455 ολ
478 2386 517 2454 δδ
539 2385 804 2475 προαιρούμενοι
827 2383 888 2471 μὲν
912 2381 970 2463 τὰς
987 2386 1173 2469 κρατίστας

148 2492 342 2579 ὑποθέσεις,
370 2496 442 2580 είκῆ
471 2493 509 2560 δέ
536 2492 592 2560 καὶ
624 2491 787 2582 ῥαθύμως
814 2486 917 2570 αὐτάς
950 2489 1178 2567 συντιθέντες

149 2603 185 2668 ἐκ
212 2597 279 2668 τῶν
308 2599 532 2686 ἐπιτυχόντων
561 2596 798 2685 άκουσμάτων,
833 2594 958 2664 οὐδένα
989 2593 1074 2681 ὑπὲρ
1108 2599 1179 2681 τῆς
1204 2628 1205 2631 “

149 2706 372 2791 προαιρέσεως
409 2709 548 2772 ἔπαινον
584 2709 790 2789 κομίζονται·
828 2699 869 2770 ού
904 2700 968 2789 γδιρ
1004 2699 1182 2786 άξιοῦμεν

149 2808 387 2897 αὐτοσχεδίους
406 2808 486 2878 οὐδὲ
505 2808 682 2899 ῥᾳθύμους
701 2807 786 2878 εῖναι
808 2807 867 2888 τάς
885 2814 964 2896 περί
978 2833 1013 2875 τε
1031 2806 1182 2876 πόλεων

43 2997 47 3006 Ι
109 2938 135 2980 νε
150 2914 298 2996 ἐνδόξων
324 2917 380 2983 καὶ
412 2913 549 3003 ἀνδρῶν
577 2917 614 2984 ἐν
648 2919 826 3006 δυναστεία
857 2913 1048 3002 γεγονότων
1082 2911 1182 2982 άνα-

110 3019 363 3110 ὗγραφομένας
396 3025 551 3111 ίστορίας.
606 3026 710 3090 ταῦτα
747 3021 788 3108 δη
821 3028 962 3110 νομίσας
997 3019 1190 3107 άναγκαϊα

220 3250 453 3322 3καθιδρύσθαι
471 3253 524 3308 ΑΒ
544 3255 549 3320 Ι
570 3249 675 3316 πάντες
694 3269 748 3310 om.
767 3253 790 3308 B
881 3259 915 3309 10
937 3249 975 3324 μὴ
999 3249 1032 3306 δε
1051 3251 1134 3337 μιοῖς
1160 3259 1196 3312 A

150 3331 182 3380 11
202 3323 430 3414 καταβαλόμενοι
448 3325 490 3379 Bb
530 3319 774 3395 καταβαλλόμενοι
792 3324 859 3379 ΔΒπ
945 3327 978 3380 16
1002 3342 1081 3390 παρα
1111 3327 1195 3381 τῶν

150 3393 397 3467 έπιγινομένωνο.
416 3394 575 3486 ὃλορβυηυε
654 3401 687 3450 16
706 3395 966 3457 καταλείποντεςΑ
1049 3399 1082 3448 18
1109 3391 1198 3452 ἔπί-

150 3467 268 3529 εικοςΑ
340 3472 374 3522 23
394 3463 567 3536 αίρέσεωςΒ
644 3472 679 3521 26
698 3461 955 3534 άναγκαιόταταο.
974 3465 1077 3520 Reiske
