2404 3918
578 229 743 280 ..Γ-

155 383 200 466 ῶς
222 392 324 474 φίλον
354 385 450 471 ὅντα,
479 383 561 455 ὅταν
589 383 804 476 ὑποχειρίους
832 385 917 475 λάβη
944 385 1019 466 τοὺς
1049 391 1145 472 ένδον,

154 501 312 562 καθελεῖν
330 491 392 580 τήν
411 493 511 562 πόλιν
530 491 608 580 άχρι
627 500 796 582 θεμελίων
811 492 960 581 μηθενὸς
976 493 1051 581 μήτε
1070 499 1146 563 ἰδίου

155 600 237 689 μήτε
253 604 375 668 κοινοῦ
391 601 705 689 κατασκευάσματος
723 601 929 689 φειδόμενον
949 604 1007 684 ἔξω
1028 606 1091 670 τῶν
1112 605 1144 669 ίε-

157 712 238 793 ρῶν,
257 704 452 794 άνθρῶπων
472 706 510 774 δὲ
524 710 657 794 μηθένα
676 707 757 796 μήτε
770 715 912 777 κτείνειν
932 708 1011 796 μήτε
1025 706 1146 793 ἀδικεῖν,

116 787 241 916 ἰάλλά
255 814 384 894 πάντας
398 817 457 883 ἐάν
473 819 561 901 ἔχειν
575 813 616 882 τὰ
636 817 774 884 ἑαυτῶν.
807 813 974 903 ἐκπέμψας
992 817 1028 882 δὲ
1046 820 1148 884 τοῦτον

156 921 266 991 ἐκάλει
280 919 360 1001 τοὺς
368 919 565 1009 ταξιάρχους
574 923 630 990 καὶ
639 920 718 1002 τοὺς
727 920 891 1010 λοχαγοὺς
900 923 957 989 καὶ
971 920 1011 990 τὰ
1025 921 1150 1004 δόξαντι

156 1033 195 1118 τή
224 1030 331 1116 βουλή
360 1027 572 1115 διασαφήσας
603 1027 759 1116 φυλακήν
790 1031 826 1097 ἐκ
853 1028 983 1098 τούτων
1011 1035 1150 1098 καθίστα-

157 1163 210 1204 ται
233 1135 308 1222 περλ
331 1133 368 1202 τὸ
391 1139 499 1222 σῶμα·
522 1135 577 1202 καί
597 1131 666 1221 μετ’
685 1132 725 1202 οὐ
743 1132 831 1203 πολὺ
845 1139 956 1221 παρῆν
976 1133 994 1204 6
1012 1134 1151 1222 Ἀλβανὸς

158 1239 203 1323 ῶς
226 1241 278 1310 ἐπὶ
301 1238 458 1327 νικήματι
481 1245 584 1330 κοινῷ
608 1238 763 1328 γεγηθῶς
782 1242 839 1309 καὶ
861 1251 907 1334 τῷ
929 1242 1046 1334 Τόλλφ
1069 1263 1147 1326 συνη·

120 1369 144 1408 10
160 1348 310 1436 δόμενος.
344 1343 362 1414 6
383 1346 420 1415 δὲ
443 1347 571 1427 Τάλλος
588 1346 782 1437 ἀπόρρητον
802 1346 869 1435 τήν
882 1349 1023 1436 γνῶμην
1044 1355 1088 1417 ἔτι
1103 1375 1145 1434 φυ-

158 1454 293 1525 λάσσων
318 1452 431 1542 ἐπῄνει
454 1480 489 1522 τε
512 1452 617 1522 αὐτόν
640 1454 696 1522 καὶ
715 1453 869 1542 μεγάλων
887 1453 985 1536 άξιου
1008 1453 1141 1540 ἀπέφαινε

159 1565 297 1650 δωρεῶν
324 1560 502 1648 παρεκάλει
535 1587 571 1630 τε
602 1560 779 1649 γράψαντα
806 1561 862 1628 καὶ
888 1558 928 1629 τά
958 1567 1029 1630 τῶν
1060 1561 1143 1628 άλλαν
1181 1562 1182 1590 ¹

155 1668 328 1755 Ἀλβανῶν
357 1664 507 1754 ὀνόματα
533 1671 602 1735 τῶν
626 1669 785 1754 ἐπιφανές
812 1694 844 1735 τι
871 1667 954 1735 κατὰ
977 1665 1040 1754 τήν
1063 1667 1147 1754 μάχην

160 1776 439 1862 διαπραξαμένων
458 1779 575 1862 φέρειν
601 1771 646 1854 ῶς
665 1772 781 1860 αὐτόν,
804 1777 861 1842 ἵνα
879 1772 1030 1842 κάκεῐνοι
1052 1772 1107 1860 τήν
1125 1775 1149 1839 ἐκ

158 1888 227 1954 τῶν
246 1884 418 1951 ἐπινικίων
434 1878 680 1967 άπενέγιιωνται
698 1893 829 1968 μοῖραν.
862 1877 880 1948 6
902 1879 965 1967 μὲν
984 1878 1027 1968 δή
1042 1905 1149 1966 περιχα-

160 1990 221 2079 ρής
243 1988 426 2078 γενόμενος
443 1986 522 2068 τοδς
540 1986 759 2066 πιστοτάτους
776 1989 844 2055 τῶν
864 1992 987 2074 φίλων,
1007 1983 1057 2067 οἷς
1078 1984 1149 2074 ἐχρή-

161 2117 242 2168 σατο
265 2101 334 2165 τῶν
357 2093 557 2184 ἀπορρήτων
576 2092 817 2181 βουλευμάτων
836 2107 1024 2181 συνεργοῖς,
1043 2091 1149 2180 εἰσγρά-

160 2218 226 2288 ψας
241 2209 289 2284 εἰς
303 2205 423 2272 δέλτον
435 2203 643 2270 ἐπιδίδωσιν.
662 2201 680 2270 6
697 2199 735 2268 δὲ
748 2203 816 2268 τῶν
825 2197 999 2287 Ῥωμαίων
1013 2197 1181 2288 βασιλεδςιεδ

161 2316 208 2392 είς
231 2313 409 2397 ἐκκλησίαν
436 2307 585 2388 ἅπαντας
613 2305 845 2394 ἀποθεμένους
871 2306 911 2375 τά
942 2304 1030 2374 ὅπλα
1052 2306 1148 2375 ἐκάλει·

121 2431 148 2472 ²⁰
163 2416 353 2486 συνιόντων
378 2415 415 2484 δὲ
439 2403 551 2483 αὐτῶν
574 2412 634 2482 τὸν
658 2415 720 2502 μὲν
742 2410 892 2500 ἡγεμόνα
913 2417 982 2481 τῶν
1003 2411 1149 2499 Ἀλβανῶν

159 2521 230 2612 άμα
244 2538 313 2604 τοῖς
327 2520 516 2608 ταξιάρχοις
534 2547 570 2590 τε
587 2521 643 2587 καὶ
658 2527 814 2606 λοχαγοῖς
831 2516 910 2606 παρ’
927 2517 1010 2587 αὐτὸ
1028 2517 1064 2588 τὸ
1080 2523 1149 2606 βῆμα

162 2632 335 2700 ἐκέλευσεν
360 2628 507 2713 ἑστάναι,
531 2629 711 2714 ἐχομένους
739 2625 777 2694 δὲ
799 2624 930 2694 τούτων
951 2624 1031 2705 τοὺς
1052 2623 1149 2699 άλλους

158 2735 343 2824 Ἀλβανοὺς
360 2737 545 2823 ταχθέντας
564 2732 800 2822 ἐκκλησιάζειν,
816 2729 896 2819 μετὰ
916 2731 953 2799 δὲ
971 2729 1050 2812 τοὺς
1059 2729 1147 2816 Ἀλβι-

161 2841 244 2924 νοός
261 2841 299 2913 τὸ
314 2841 435 2912 λοιπὸν
449 2847 517 2912 τῶν
532 2839 717 2929 συμμάχων
731 2843 875 2925 πλῆθος·
899 2839 1027 2920 ἔξωθεν
1042 2837 1075 2905 δὲ
1086 2833 1147 2903 πάν-

120 2967 147 3011 ει
161 2975 230 3018 των
252 2953 446 3039 περιέστησε
464 2949 659 3036 Ῥωμαίους,
682 2949 719 3015 έν
739 2941 790 3025 οἷς
812 2937 900 3032 ήσαν
924 2948 960 3012 οί
979 2940 1146 3030 γενναιόια-
1179 3013 1180 3046 χ

161 3084 224 3145 τοι,
240 3061 319 3146 ξίφη
334 3055 540 3144 κρύπτοντας
554 3051 619 3122 ὑπὸ
634 3069 707 3134 ταῖς
719 3057 920 3140 περιβολαῖς.
957 3050 1002 3130 ῶς
1018 3049 1047 3118 δ’
1063 3052 1094 3118 ἐν
1104 3073 1145 3114 κα-
1179 3051 1180 3108 δ

163 3167 209 3257 λῶ
229 3163 309 3245 τοὺς
327 3158 471 3251 ἐχθροὺς
491 3165 580 3248 ἔχειν
598 3157 763 3246 ὑπέλαβεν
782 3156 927 3238 ἀναστάς
943 3159 1029 3238 ἔλεξε
1045 3153 1144 3224 τοιάδε·

119 1855 139 1920 3

118 1943 144 1984 15

234 3365 249 3414 λ
265 3352 390 3427 μηθενός
404 3357 429 3410 Α
448 3351 606 3425 μηδενδςΒ
647 3360 663 3409 6
677 3348 743 3438 τοφς
753 3356 818 3408 ουλε
833 3357 889 3440 λοχ.
902 3354 989 3408 om.B
1027 3341 1143 3434 11φνλάτ-

161 3428 254 3480 τωνΒ
291 3422 538 3494 1θένέγνωνταιΒ
577 3430 609 3478 17
621 3421 809 3492 είσγραψαςΒ
824 3425 974 3493 γραφαςλδ
1005 3422 1142 3489 λθτοχθεν·

162 3513 214 3556 τας
233 3491 425 3564 ἐκκλησιάζειν
444 3494 497 3550 del.
516 3493 621 3549 Reiske
676 3500 710 3549 26
728 3489 905 3563 κρύπτοντας
922 3495 945 3548 Β
963 3487 1143 3563 κράατοντεςΡν
