2404 3918
472 181 638 232 -Γ-
999 175 1066 242 375

20 333 215 425 Ῥωμαίων
247 336 419 424 βασιλεύς,
451 333 525 406 ἀλλ’
556 335 969 427 ἀναστρατοπεδεύσαντες
1002 336 1064 426 ἀμ-

30 443 186 532 φότεροι
209 445 264 512 καὶ
286 448 345 532 τής
368 442 523 532 ἀλλήλων
542 449 603 533 γῆς
623 442 726 528 οὐδὲν
746 444 956 526 κακώσαντες
979 441 1063 535 ἀπή·

32 570 130 620 εσαν
153 549 203 620 ἐπ’
229 559 334 620 οίκου.
380 551 497 640 γνοίμη
522 549 554 620 δ’
580 551 782 642 ἀμφοτέρων
804 544 850 640 ήν
873 550 974 640 ὁμοία
996 556 1062 640 μεί-

34 663 128 740 ζονα
152 656 299 747 δύναμιν
317 659 433 748 ἑτέραν
458 660 512 728 &nl
528 657 591 746 τήν
615 657 770 747 ἀλλήλων
795 659 910 747 χώραν
932 657 1062 746 ἐξάγειν

34 769 146 854 ἔαρος
181 762 379 854 ἀρχομένου.
406 763 408 767 ’
438 766 510 835 ἐπεὶ
550 766 589 835 δὲ
621 765 774 854 <πάντα>
811 732 1103 861 παρεσκεύαστοὲ

37 868 176 958 αύτοίς,
203 872 360 961 πρότεροι
387 871 450 961 μὲν
473 874 619 961 ἐξῆλθον
647 877 682 941 οί
703 878 850 960 Σαβῖνοι
878 877 1063 962 Τυρρηνῶν

4 997 37 1047 38
46 983 182 1066 ἔχοντες
202 978 376 1068 [δύναμιν]
401 979 521 1068 ίκανήν
541 981 653 1068 [πρὸς]
676 985 868 1069 συμμαχίαν
886 981 942 1049 καὶ
964 1006 1063 1049 κατα-

41 1086 367 1174 στρατοπεδεύονται
384 1087 536 1176 Φιδήνης
552 1094 697 1176 πλησίον
715 1089 791 1176 περὶ
810 1087 870 1168 τὰς
892 1086 1063 1175 συμβολὰς

42 1197 108 1262 τοῦ
134 1219 170 1262 τε
193 1191 343 1281 Ἀνίητος
374 1196 431 1264 καὶ
462 1199 524 1264 τοῦ
556 1198 711 1283 Τεβέριος
742 1199 896 1283 ποταμοῦ
930 1192 1063 1274 διττοὺς
1090 1217 1091 1220 ’

49 1299 227 1388 βαλόμενοι
249 1300 329 1382 τοὺς
346 1301 493 1391 χάρακας
511 1303 685 1384 ἐναντίους
706 1328 742 1372 τε
760 1303 816 1371 καὶ
836 1312 986 1389 συνεχεῖς
1004 1299 1060 1368 ἀλ·
1076 1327 1102 1367 ιο

46 1404 175 1494 λήλοις,
204 1409 308 1496 μέσον
337 1413 468 1496 ἔχοντες
494 1408 532 1478 τὸ
560 1408 679 1480 κοινὸν
707 1411 741 1492 έξ
769 1407 970 1497 ἀμφοτέρων
993 1411 1062 1476 τῶν

43 1517 204 1602 ποταμοῖν
233 1516 390 1604 ῥεῖθρον,
419 1513 472 1604 ἐφ’
499 1541 540 1584 ου
573 1515 814 1585 κατεσκεύαστο
848 1517 980 1603 γέφυρα
1009 1517 1063 1596 ξ·

43 1619 234 1710 λόφρακτος
257 1621 402 1710 σκύφοις
425 1621 609 1710 ἀνεχομένη
632 1624 689 1691 καὶ
708 1625 855 1710 σχεδίαις
873 1619 894 1708 ή
916 1625 1062 1691 ποιοῦσα

42 1734 175 1815 ταχείας
201 1728 261 1809 τὰς
288 1729 372 1817 πρὸς
399 1727 565 1816 ἀλλήλους
597 1727 727 1818 ἀφίξεις
753 1731 809 1798 καὶ
839 1727 900 1798 τὸν
931 1727 1062 1818 χάρακα

43 1837 113 1906 ἕνα.
154 1835 349 1923 πυθόμενος
372 1837 411 1905 δέ
432 1834 495 1925 τήν
512 1836 672 1924 εἰσβολήν
695 1834 808 1906 αὐτῶν
831 1833 849 1904 ὁ
873 1834 1062 1922 Ταρκύνιος

44 1945 140 2030 έξήγε
162 1944 218 2012 καὶ
241 1941 342 2024 αὐτὸς
369 1943 406 2012 τὸ
425 1941 598 2031 Ῥωμαίων
627 1941 816 2031 στράτευμα
838 1943 1063 2031 καθιδρύεταί

43 2076 78 2118 τε
106 2049 228 2139 μικρὸν
251 2041 408 2138 ἀνωτέρω
435 2055 493 2138 τής
521 2053 658 2120 έκείνων
688 2053 943 2146 στρατοπεδείας
969 2047 1060 2135 παρὰ

44 2155 105 2225 τὸν
138 2156 272 2245 Ἀνίητα
313 2157 467 2246 ποταμὸν
506 2158 559 2226 ἐπὶ
601 2157 713 2245 λόφου
752 2154 845 2237 τινὸς
887 2160 1059 2244 καρτεροῦ.

45 2263 155 2354 ἁπάση
183 2263 222 2334 δὲ
253 2270 430 2356 προθυμίᾳ
461 2262 544 2351 πρὸς
574 2262 636 2334 τὸν
653 2263 814 2352 πόλεμον
850 2262 1059 2351 ὡρμημένων

46 2369 244 2460 ἀμφοτέρων
272 2369 386 2452 οὐδεὶς
413 2368 506 2458 ἀγὼν
534 2373 570 2440 έκ
596 2370 810 2459 παρατάξεως
837 2369 914 2440 οὔτε
937 2373 1058 2457 μείζων
1073 2390 1100 2431 2⁰

47 2477 115 2548 οὔτ’
142 2477 293 2548 έλάσσων
321 2477 435 2559 αύτοίς
468 2479 620 2566 συνέστη.
644 2481 801 2566 -ῗέφδασε
830 2474 894 2564 γὰρ
924 2475 943 2546 δ
976 2482 1060 2565 Ταρ-

46 2585 159 2667 κύνιος
182 2585 338 2678 ἀγχινοίᾳ
362 2588 563 2674 στρατηγικῇ
585 2584 695 2654 ’πάντα
718 2590 905 2671 συντρίψας
927 2581 967 2653 τά
990 2586 1058 2652 τῶν

47 2698 207 2780 Σαβίνων
233 2693 411 2782 πράγματα
442 2689 587 2773 καὶτὰς
619 2689 831 2780 παρεμβολὰς
858 2687 972 2760 αὐτῶν
1000 2688 1059 2777 ἀμ-

47 2801 188 2887 φοτέρας
219 2798 396 2889 ἀρύμενος.
449 2797 494 2868 τδ
517 2798 560 2870 δὲ
593 2798 807 2888 στρατήγημα
838 2802 900 2867 τού
932 2797 1059 2885 ἀνδρὸς

47 2905 178 2976 τοιόνδε
198 2899 256 2996 ἦν’
1074 2923 1101 2964 ²⁵

1080 1807 1103 1871 4

1075 1893 1101 1934 15

116 3110 131 3159 2
150 3098 330 3166 κακώσαντες
348 3101 371 3156 Β
394 3099 555 3172 δηύσαντες
572 3102 598 3155 R
675 3107 691 3154 3
710 3090 746 3168 ήν
765 3101 816 3170 μία
841 3116 864 3155 e.
883 3099 974 3155 Cobet
993 3099 1057 3157 Obs.

50 3190 75 3242 p.
93 3179 125 3229 71
198 3180 215 3230 ὅ
233 3169 328 3230 πάντα
346 3172 411 3230 add.
429 3171 573 3242 Kiessling
645 3178 661 3227 ⁷
680 3166 803 3241 δύναμιν
822 3187 876 3226 om.
893 3171 916 3224 B
933 3175 937 3238 Ι
954 3167 1058 3240 ἱκανήν

52 3259 100 3300 om.
123 3246 199 3316 B(?)
221 3249 225 3314 Ι
244 3242 315 3316 πρὸς
343 3261 397 3300 om.
421 3244 444 3298 Β
535 3249 551 3298 9
579 3238 677 3306 διττὰς
698 3241 724 3295 A
811 3248 845 3297 10
872 3236 1010 3312 ἀλλήλους
1032 3244 1058 3296 A

53 3319 82 3369 11
109 3314 224 3386 ἔχοντας
252 3333 274 3371 ο.
298 3315 401 3372 Reiske
493 3320 527 3369 14
553 3310 620 3376 τούς
647 3312 701 3369 δύο
729 3309 858 3384 χάρακας
885 3311 937 3368 ἕνα
967 3308 1058 3368 ἐποίει

54 3401 73 3440 ο.
90 3387 190 3443 Βοὶελεε
264 3383 348 3443 16τό
368 3384 501 3458 βωμαέοον
520 3387 542 3440 Β
568 3386 624 3440 τῶν
643 3382 668 3473 A.
687 3387 713 3439 A
732 3389 736 3453 Ι
756 3381 947 3455 καθιδρύεται
966 3385 988 3438 Β
1007 3394 1056 3438 κα-

54 3459 180 3528 θίδρυται
197 3461 224 3514 R
297 3463 329 3513 1⁷
347 3477 378 3513 τε
397 3475 451 3514 om.
471 3458 516 3512 Ba
590 3461 623 3511 18
642 3457 758 3525 ανίηιτα
775 3456 801 3508 A
