2408 3928
460 219 625 272 ..Β-

48 381 168 464 πράτον
191 381 326 464 οίκῆσαι
344 379 421 466 περὶ
444 375 506 465 τὴν
524 369 739 466 καλουμένην
755 375 942 464 Ῥεατίνην·
970 380 1051 448 ἐκεῖ·

48 493 102 552 θεν
124 484 161 552 δὲ
182 481 248 553 ὑπὸ
273 489 461 571 Πελασγόν
485 487 726 566 ἐξελασθέντας
755 490 804 565 είς
824 483 951 570 ταύτην
973 483 1051 571 ἀφι-

48 592 155 659 κε’σθαι
176 591 240 679 τὴν
267 596 334 679 γῆν
363 598 450 661 ἔνθα
477 597 542 662 νῦν
571 596 711 684 οίκούσιΙ
725 593 782 661 καί
805 589 1051 680 μεταβαλόντας

10 697 110 785 338ἀμα
131 703 175 790 τῷ
195 698 288 790 τόπῳ
311 697 463 786 τούνομα
481 704 656 786 Σαβίνους
674 700 707 780 ἐξ
722 697 909 788 Ὀμβρικῶν
927 716 1052 785 προσα-

49 810 255 892 γορευθῆναι.
306 805 429 875 Κάτων
462 805 500 874 δὲ
523 805 673 892 Πόρκιος
704 804 742 875 τδ
775 805 837 894 μὲν
869 804 978 893 ὄνομα
1005 773 1092 900 τῷῖ,

51 916 198 997 Σαβίνων
219 917 313 980 ἔθνει
336 916 483 999 τεθῆναί
498 931 605 1001 φησιν
624 913 678 981 ἐπὶ
695 911 816 998 Σάβου
837 916 899 981 τοῦ
913 910 1053 999 Σάγκου

50 1020 198 1104 δαίμονος
217 1020 412 1106 ἐπιχωρίου,
430 1023 553 1089 τοῦτον
573 1021 612 1088 δὲ
629 1017 690 1089 τὸν
706 1021 844 1106 Σάγκον
862 1016 928 1088 ύπό
947 1045 1051 1088 τινων

50 1131 169 1195 πίστιον
200 1134 380 1194 καλεῖσθαι
415 1133 493 1194 Δία.
542 1125 679 1215 πρωτην
712 1125 743 1193 δ’
774 1124 886 1195 αὐτῶν
920 1133 1052 1211 οίκησιν

15 1230 222 1319 εωάιιοφαίνει
241 1236 405 1320 γενέσθαι
423 1231 541 1321 κώμην
559 1232 636 1303 τινά
654 1235 868 1322 καλουμένην
891 1233 1054 1321 Τεστροῦ-

54 1366 105 1406 ναν
126 1337 233 1428 ἀγχοῦ
256 1340 386 1420 πόλεως
405 1339 599 1429 Ἀμιτέρνης
624 1343 799 1429 κειμένην,
827 1341 861 1428 ἐξ
888 1330 929 1427 ἧς
951 1335 1052 1439 ὁρμη-
1068 1365 1095 1406 ιο

50 1447 161 1526 θίντας
192 1446 267 1516 τότε
299 1452 473 1534 Σαβίνους
510 1452 558 1528 είς
596 1445 660 1536 τὴν
687 1445 860 1533 Ῥεατίνην
897 1449 1054 1534 ἐμβαλεῖν

47 1547 256 1639 Ἀβοριγίνων
279 1552 348 1642 ἅμα
363 1557 595 1642 <Πελασγοῖς>
609 1554 857 1624 κατοικούντων
880 1553 936 1620 καὶ
954 1550 1055 1621 πόλιν

49 1656 150 1728 αύτάν
173 1658 235 1747 τὴν
259 1660 529 1748 ἐπιφανεστάτην
548 1667 717 1742 Κοτυλίας
739 1663 872 1751 πολέμςο
896 1678 1055 1747 χειρωσα-

49 1768 162 1851 μένους
183 1781 372 1853 κατασχεῖν.
414 1770 450 1836 ἐκ
475 1767 513 1837 δὲ
534 1772 593 1855 τῆς
609 1767 779 1854 Ῥεατίνης
799 1765 952 1846 ἀποικίας
975 1763 1055 1833 ἀπο·
1074 1765 1094 1828 3

8 1861 12 1874 ’
49 1878 233 1953 στείλαντας
263 1871 368 1954 ἀλλος
393 1900 429 1942 τε
461 1873 575 1954 πόλεις
609 1880 718 1943 κτίσαι
754 1872 896 1959 πολλάς,
930 1874 966 1940 ἐν
1004 1867 1056 1950 αίς
1071 1895 1095 1938 ιε

50 1983 146 2047 οίκείν
177 1977 391 2066 ἀτειχίστοις,
423 1980 480 2048 καί
515 1978 557 2066 δὴ
589 1980 645 2048 καί
677 1977 735 2060 τὰς
766 1980 1055 2067 προσαγορευομέ-

50 2111 102 2165 νας
121 2085 262 2175 Κύρεις·
295 2085 410 2173 χάραν
440 2086 478 2155 δὲ
505 2101 683 2174 κατασχεῖν
710 2090 770 2173 τῆς
797 2085 859 2174 μὲν
880 2083 1057 2172 Ἀδριανῆς

49 2192 208 2279 θαλάττης
230 2191 424 2281 ἀπέχουσαν
446 2191 533 2281 ἀμφὶ
559 2190 639 2272 τούς
667 2191 876 2279 ὀγδοήκοντα
904 2192 961 2259 καὶ
985 2195 1056 2258 δια-

50 2307 176 2381 κοσίους
209 2299 385 2385 σταδίους,
415 2303 475 2386 τῆς
508 2299 545 2368 δὲ
577 2302 789 2387 Τυρρηνικῆς
814 2296 1057 2386 τετταράκοντα

50 2407 122 2492 πρὸς
150 2412 352 2486 διακοσίοις·
380 2411 485 2494 μῆκος
513 2405 550 2474 δὲ
578 2403 681 2494 αὐτῆς
708 2403 800 2474 είναί
823 2424 929 2492 φησιν
954 2401 1055 2493 ὀλίγῳ
1071 2425 1097 2466 νο

51 2529 136 2599 μεῖον
158 2518 310 2583 σταδίων
328 2519 456 2600 χιλίων.
484 2519 552 2582 ἐστι
573 2515 613 2582 δέ
628 2539 679 2592 τις
696 2513 752 2581 καὶ
766 2511 868 2591 ἀλλος
885 2509 969 2599 ὑπὲρ
987 2515 1056 2578 των
1074 2507 1098 2572 4

51 2627 204 2706 Σαβίνων
227 2623 265 2690 ἐν
285 2624 448 2708 ίστορίαις
471 2622 661 2708 ἐπιχωρίοις
682 2618 863 2706 λεγόμενος
882 2617 993 2704 λόγος,
1012 2614 1058 2698 ὥς

51 2732 323 2816 Λακεδαιμονίων
347 2727 598 2813 ἐποικησάντων
624 2725 738 2805 αὐτοῖς
759 2723 839 2793 καθ’
866 2721 907 2794 δν
931 2723 1058 2813 χρόνον

52 2834 271 2924 ἐπιτροπεύων
308 2833 470 2921 Εύνομον
511 2833 571 2902 τδν
613 2831 824 2919 ἀδελφιδοῦν
862 2836 1059 2920 Λυκοῦργος

53 2990 609 3136 1333„&55:2⁹J'ffigsfiffffgf‘fsffgfflzzz
630 2991 1059 3132 &3553333425353253

53 3134 143 3222 Rfiske
209 3141 225 3191 2
245 3134 540 3225 *ἐξελα<θ>ε’νταςΒ
560 3132 789 3219 ἒξελαθίνταςῌ
856 3141 872 3189 3
892 3133 1059 3259 <unwa-

54 3209 141 3271 λοπας
159 3209 183 3262 Β
203 3209 387 3279 καταβάντας
401 3209 426 3261 A
497 3208 651 3278 θσαβίνου
670 3225 721 3260 του
742 3223 850 3274 σαγκου
868 3205 891 3260 Ο
912 3222 981 3260 corr.
1016 3205 1059 3274 yl-

53 3276 115 3348 burg
186 3285 204 3334 8
223 3281 336 3333 πίστιον
354 3279 377 3332 Β
396 3279 522 3332 πίστειον
540 3279 566 3332 R
590 3282 594 3346 Ι
619 3275 669 3331 καί
687 3279 736 3330 δία
756 3277 802 3330 Bb
830 3273 878 3331 διά
897 3278 923 3330 R
946 3277 994 3330 δία
1013 3277 1060 3332 Ba

55 3345 235 3420 θτεστρύναν
254 3351 280 3404 Α
359 3355 391 3403 10
411 3345 566 3418 ἀμετίρνης
584 3349 610 3403 Α
688 3354 720 3401 12
740 3341 842 3417 ἀμαΟ
869 3341 929 3418 ἀμα
949 3349 1060 3402 Πελασ-

54 3427 105 3486 γοῖς
125 3422 231 3477 Reiske
255 3415 346 3488 αὐτὴν
374 3437 396 3474 ο.
421 3420 564 3489 Kiessling
638 3425 670 3473 13
690 3415 811 3481 κοτύνας
835 3417 857 3473 0
887 3436 956 3476 corr.
977 3419 1061 3475 Gele-

56 3490 108 3546 nius
178 3498 213 3547 16
232 3487 408 3561 ἀτειχίστους
425 3492 448 3545 Β
467 3487 635 3560 ἀτειχίστοις
652 3491 678 3544 R
750 3495 784 3544 20
804 3487 926 3559 αύτῆςΒ
946 3485 1020 3562 αύτῇ
1035 3493 1062 3545 R
