2404 3918
489 224 762 334 -P-·
1012 219 1075 288 301

28 375 185 467 εσεόλίγον
203 376 433 464 ἀναδέξασθαι
456 379 583 471 χρόνον
601 378 664 469 τὴν
687 377 867 469 ἀπόκρισιν
889 379 998 470 ἡμῶν,
1017 383 1079 462 ἕως

69 492 110 581 τῷ
131 489 231 575 πατρὶ
254 491 496 578 διαλεχθῶμεν.
540 489 780 570 ἐπαινέσαντος
798 487 837 558 δὲ
862 492 924 558 τοῦ
946 486 1078 558 Ἰόλλου
1097 490 1119 556 2

67 593 124 682 τὴν
154 593 328 682 εὐσέβειαν
361 593 473 665 αὐτῶν
503 596 561 664 καὶ
595 595 816 677 κελεύσαντος
848 593 936 666 οὕτω
967 609 1078 666 ποιεῖν

68 700 211 792 ἀπῄεσαν
240 699 286 784 ὡς
311 699 373 772 τὸν
403 703 538 791 πατέρα.
588 701 801 792 δηλώσαντες
832 702 871 772 δὲ
900 700 990 796 αύτῷ
1020 699 1079 782 τὰς

67 808 260 898 προκλήσεις
277 812 339 880 τού
356 814 569 897 Φουφεττίου
586 811 644 879 καὶ
663 806 723 892 οὓς
741 808 760 881 ὁ
778 809 906 892 Τύλλος
920 811 1077 899 διελέχθη
1093 836 1106 878 ι

69 915 182 1004 λόγους
204 919 262 988 καὶ
284 922 478 988 τελευταίαν
504 916 567 1005 τὴν
596 918 725 988 ἕαντών
753 916 934 1008 ἀπόκρισιν
959 916 1078 1005 ἠξίουν

69 1027 164 1092 εἰπεῖν
192 1023 316 1112 ἥντινα
343 1023 484 1113 γνώμην
513 1021 614 1104 αύτὸς
642 1029 719 1112 ἔχει.
768 1023 787 1094 ὁ
819 1024 857 1094 δὲ
883 1021 1114 1111 ύπολαβών,3

68 1126 143 1200 Ἀλλ’
172 1130 311 1219 εὐσεβὲς
341 1132 419 1219 μέν,
450 1135 531 1219 ἔφη,
561 1134 698 1220 πρᾶγμα
726 1144 865 1217 ποιεῖτε,
895 1121 922 1199 ώ
950 1133 1078 1217 παῖδες,

72 1263 107 1303 τε
133 1238 238 1323 πατρὶ
269 1241 389 1320 ζώντες
416 1237 473 1306 καὶ
503 1235 608 1306 ούδδν
635 1236 720 1307 ἄνευ
745 1241 805 1325 τῆς
834 1238 915 1326 ἐμῆς
943 1235 1080 1325 γνώμης

77 1343 358 1432 διαπραττόμενοι,
381 1341 498 1434 καιρὸς
520 1343 635 1413 δὲκαὶ
657 1341 745 1433 ὑμᾶς
767 1341 891 1426 αύτούς
912 1343 979 1432 ἤδη
1002 1345 1078 1433 περὶ
1093 1371 1119 1412 ιο

72 1445 153 1536 όμών
175 1450 219 1520 τά
244 1478 282 1539 γε
304 1455 486 1539 τηλικαῦτα
513 1456 700 1539 φαίνεσθαι
728 1454 953 1540 φρονοῦντας.
997 1447 1079 1520 ὑπο-

71 1556 221 1642 λαβόντες
245 1550 309 1628 ούν
331 1557 392 1628 τὸν
416 1558 499 1646 ἐμὸν
522 1564 600 1646 βίον
618 1557 684 1647 ἤδη
707 1561 802 1640 τέλος
820 1564 910 1648 ἔχειν
927 1557 1079 1647 φανερὸν

70 1662 222 1751 ποιήσατέ
244 1669 318 1756 μοι,
340 1670 377 1736 τί
397 1662 538 1754 δήποτ’
563 1661 608 1734 ἂν
636 1664 733 1736 αύτοδ
755 1670 955 1755 προείλεσθε
977 1665 1079 1754 πράτ-

70 1795 131 1838 τειν
156 1770 244 1841 ἄνευ
270 1777 331 1842 τοῦ
362 1769 487 1861 πατρὸς
513 1773 590 1859 περὶ
621 1774 690 1841 τών
722 1776 822 1843 ίδίιον
853 1773 1080 1862 βουλευσάμε-

70 1901 126 1945 νοι.
168 1876 386 1969 ἀποκρίνεται
413 1876 497 1969 πρὸς
524 1875 628 1948 αὐτὸν
657 1875 675 1947 ὁ
700 1878 929 1969 πρεσβύτατος
951 1879 1079 1949 τοιάδε·

69 1978 252 2075 ’Βδεξάμεθ’
283 1984 345 2072 άν,
382 1975 409 2054 ά
441 1984 562 2073 πάτερ,
597 1983 659 2054 τὸν
690 1982 776 2074 ὑπὲρ
807 1989 868 2073 τῆς
898 1982 1080 2074 ἡγεμονίας

72 2085 177 2176 όγώνα
209 2093 266 2161 καὶ
296 2091 437 2181 πάσχειν
469 2089 695 2180 ὑπεμείναμεν
727 2090 748 2161 ό
774 2115 808 2161 τι
839 2088 884 2162 άν
912 2096 995 2183 δοκῇ
1033 2096 1079 2185 τῷ

72 2197 242 2293 δαιμονίῳ·
264 2198 430 2269 τεθνάναι
448 2195 513 2287 γὰρ
532 2195 576 2268 ἂν
593 2204 805 2288 βουλοίμεθα
823 2202 953 2289 μᾶλλον
975 2195 996 2288 ἢ
1021 2203 1080 2287 ζῆν

72 2299 196 2387 ἀνάξιοι
219 2306 398 2395 γενόμενοι
421 2309 485 2375 σού
511 2307 626 2374 τεκαὶ
652 2309 722 2375 τών
744 2306 935 2394 προγόνων.
979 2305 1017 2377 τὸ
1042 2306 1081 2374 δὲ

38 2408 149 2497 λειπρός
171 2410 251 2494 τοὺς
270 2409 432 2496 ἀνεψιούς
455 2411 615 2499 συγγενὲς
640 2408 703 2499 ούχ
726 2410 821 2500 ἡμεῖς
843 2412 1000 2503 πρότεροι
1023 2411 1081 2482 λύ-
1095 2436 1122 2477 ει

73 2535 182 2607 σομεν,
205 2514 280 2588 ἀλλ’
306 2516 352 2600 ὡς
374 2515 440 2587 ὑπὸ
464 2523 523 2606 τῆς
550 2518 653 2607 τύχης
676 2521 868 2589 διαλέλυται
893 2521 1080 2610 στέρξομεν.

73 2627 99 2689 εί
117 2623 180 2712 γάρ
198 2628 380 2715 Κορατίοις
403 2629 541 2694 ἔλαττον
563 2630 713 2716 κρίνεται
731 2630 793 2696 τού
813 2629 920 2696 καλοῦ
941 2623 979 2697 τό
1001 2646 1081 2714 συγ-
1100 2629 1121 2696 5

74 2734 170 2818 γενές,
192 2729 274 2801 οὐδὲ
291 2727 455 2819 Ὁρατίοις
476 2730 675 2823 τιμιώτερον
703 2732 890 2820 φανήσεται
916 2731 954 2802 τὸ
983 2734 1082 2821 γένος

74 2841 124 2924 τῆς
153 2837 280 2927 ἀρετῆς.
333 2837 351 2906 δ
385 2837 424 2907 δὲ
458 2836 567 2926 πατὴρ
607 2836 653 2919 ώς
685 2843 790 2927 ἔμαθε
826 2837 887 2927 τὴν
921 2839 1080 2910 διάνοιαν

76 2941 176 3014 αὐτῶν
198 2942 378 3033 περιχαρὴς
406 2945 588 3033 γενόμενος
615 2947 672 3014 καί
698 2943 757 3026 τὰς
786 2960 898 3035 χεῖρας
921 2944 1079 3035 ἀνασχών
1093 2967 1120 3009 25

76 3055 116 3131 είς
141 3051 200 3122 τὸν
234 3050 384 3143 ούρανὸν
415 3051 542 3135 πολλάς
577 3059 642 3141 ἔφη
679 3054 816 3142 χάριτας
852 3056 979 3123 εἰδέναι
1012 3067 1083 3134 τοῖς

1097 1851 1120 1915 4

1093 1939 1119 1981 15

95 3347 101 3366 .
139 3281 365 3355 όπρο.κλήσεις
383 3286 406 3340 Β
422 3286 427 3356 Ι
442 3280 551 3348 τύλλιος
568 3285 594 3339 Α
672 3291 705 3340 12
729 3281 780 3340 τόν
804 3281 874 3356 ἐμόν
899 3286 961 3358 βίον
983 3279 1040 3372 ἤδη
1059 3285 1082 3339 Β

78 3370 120 3431 τοι
137 3349 204 3426 ἐμόν
222 3351 279 3427 ἤδη
298 3360 323 3431 β.
337 3357 364 3412 Β
436 3363 469 3412 16
490 3351 646 3426 ἐδεξάμεθ’
662 3348 698 3412 άν
712 3356 736 3410 Β
752 3357 782 3412 ελ
794 3355 898 3412 Βοίελιε
918 3353 1082 3427 ίδεξαμεδα

80 3438 131 3480 ⁸1ne
156 3421 191 3483 άν
219 3428 245 3484 Β
326 3435 359 3484 17
388 3422 424 3484 άν
453 3426 491 3499 τῷ
520 3428 659 3499 δαιμονίῳ
687 3429 773 3481 δοκεῖ
788 3427 811 3480 Β
892 3433 925 3481 19
948 3423 980 3480 τό
1006 3445 1036 3481 τε
1059 3427 1082 3479 Β

82 3495 279 3569 δδτρότεροιΒ
297 3497 470 3571 πρότερονΒ
514 3504 546 3552 21
564 3495 776 3566 στόρξυμενΒο
823 3502 857 3550 22
877 3497 1079 3565 κορ.ατίοιςΒ
