2408 3928
134 153 224 274 298Ι
559 213 729 264 -Γ-

135 395 203 450 τας.
243 371 332 456 λέγει
354 368 438 458 πρὸς
456 367 560 440 αὐτὸν
585 367 603 440 ὁ
626 373 848 458 Φουφέττιος·
871 368 954 439 Οὐδ’
981 369 1036 458 ἐμὲ
1055 368 1139 454 λέλη-

134 485 215 563 θεν,
240 470 266 545 ά
294 475 415 563 Τύλλε,
442 475 480 547 τὸ
505 477 666 565 συγγενές
692 482 761 547 τῦν
784 483 984 566 μειρακίων,
1007 474 1079 546 οὐδ’
1102 471 1140 553 ῦς

135 581 337 670 ἀναγκάσων
370 581 493 664 αύτούς
523 597 595 664 τοῖς
626 582 781 668 ἀνεψιοῖς
809 583 865 653 διὰ
895 583 1003 672 μάχης
1031 595 1139 672 χωρεῖν

135 696 167 760 εί
192 690 237 779 μὴ
265 699 470 780 βουληθεῖεν
498 689 596 761 αύτοὶ
625 689 686 762 τὸν
714 690 831 779 ἀγῶνα
861 688 1043 779 ὑπομεῖναι
1070 714 1139 778 παρ-

95 825 109 866 ε
136 798 383 886 εσκευασάμηυ,
407 796 480 867 ἀλλ’
506 797 621 887 ἐπειδὴ
644 798 782 887 τάχιστα
800 801 855 869 έπλ
876 802 965 868 νοῦν
987 790 1076 886 ἦλθέ
1094 824 1140 884 μοι

135 905 213 974 τόδε
239 904 278 974 τὸ
311 905 482 993 βούλευμα
513 905 595 987 τοῦς
620 904 805 993 Ἀλβαυούς
834 911 1027 996 Κορατίους
1058 931 1141 992 μετι-

135 1013 351 1101 πεμψάμευος
378 1011 478 1094 αὐτὸς
506 1012 556 1082 ἐπ’
583 1016 730 1102 ἐμαυτοῦ
763 1013 942 1101 διάπειραν
972 1017 1094 1100 ἔλαβον
1119 1015 1142 1079 εί

135 1122 357 1208 βουλομένοις
385 1119 499 1202 αύτοῖς
527 1123 618 1191 ἐστιν
642 1120 662 1190 ὁ
685 1120 792 1208 ἀγάν·
821 1122 1015 1208 δεξαμένων
1040 1117 1071 1188 δ’
1095 1116 1141 1188 αύ

135 1231 203 1295 τῶν
226 1225 288 1297 τὸν
312 1227 416 1315 λόγον
439 1226 567 1321 ἀπίστῳ
590 1229 660 1299 τινὶ
684 1229 742 1298 καὶ
763 1232 944 1317 θαυμαστῇ
967 1231 1141 1316 προθυμίᾳ,

96 1360 123 1400 ιο
136 1333 210 1402 τότε
241 1332 491 1404 ἀνακαλύπτειν
528 1341 638 1423 έγυων
669 1335 707 1405 τὸ
744 1334 916 1423 βούλευμα
948 1335 1007 1403 καὶ
1039 1335 1142 1422 φέρειν

137 1445 183 1520 είς
210 1442 327 1527 μέσον·
366 1446 424 1510 σοί
446 1469 482 1512 τε
508 1441 546 1511 τὸ
575 1441 658 1512 αύιὸ
685 1446 785 1512 τοῦτο
813 1439 1020 1529 ὑποτίθεμαι
1047 1450 1144 1509 ποιεῖν

136 1549 313 1616 καλέσαντι
345 1546 425 1629 τούς
455 1547 533 1637 παρ’
561 1545 644 1637 ὑμῖν
671 1549 858 1637 τριδύμους
888 1561 1011 1637 πεῖραν
1045 1545 1144 1616 αύιάυ

96 1653 194 1740 4τῆς
216 1652 353 1741 γνάμης
374 1655 592 1752 ποιήσασθαι.
643 1654 703 1726 ἐὰν
731 1656 793 1744 μέν
823 1649 886 1725 οῦν
915 1655 1051 1736 ἑκόντες
1077 1672 1144 1721 συν-

136 1762 313 1829 επιδιδῶσι
349 1760 498 1831 κάκεῖνοι
530 1762 571 1832 τὰ
603 1763 741 1852 σάματα
772 1766 1063 1854 προκινδυνεῦσαι
1093 1765 1178 1847 τῆςιῖε

96 1891 123 1933 15
138 1865 267 1934 ἕαντῦν
289 1872 451 1956 πατρίδος
470 1871 571 1957 δέχου
588 1868 651 1958 τὴν
670 1870 781 1958 χάριν,
800 1869 861 1938 έάν
880 1869 918 1938 δὲ
938 1867 1145 1938 ἀναδύωνται

136 1977 304 2062 μηδεμίαν
332 1973 447 2057 αύτοῖς
474 1974 645 2066 πρόσφερε
673 1975 835 2066 ἀνάγκην.
881 1975 1090 2065 μαντεύομαι
1115 1972 1146 2040 δὲ

137 2082 193 2149 καλ
220 2081 296 2168 περὶ
324 2084 462 2151 ἐκείνων
491 2077 546 2152 οἷα
573 2085 729 2172 καὶπερὶ
755 2089 824 2155 τῶν
847 2084 1036 2176 ἡμετέρων,
1064 2091 1145 2168 εῖπερ

139 2180 202 2257 οῦν
231 2190 318 2258 εἰσὶν
347 2192 441 2270 οἵους
469 2187 654 2278 ἀκούομεν,
678 2192 762 2278 <έν>
784 2189 913 2278 ὀλίγοις
942 2204 1014 2272 τοῖς
1036 2190 1147 2279 ἄριστα

137 2295 325 2384 πεφυκόσιν
349 2293 461 2384 ὅμοιοι
484 2298 540 2365 καὶ
569 2295 610 2366 τά
632 2300 776 2386 πολέμια
799 2297 940 2385 ἀγαθοί·
973 2299 1069 2379 κλέος
1090 2294 1146 2384 γὰρ

98 2425 125 2465 ιο
138 2401 251 2471 αὐτῶν
273 2404 329 2471 καὶ
352 2402 436 2492 πρὸς
458 2400 545 2492 ἡμᾶς
567 2403 714 2492 ἐλήλυθε
740 2409 799 2493 τῆς
822 2403 950 2494 ἀρετῆς.

226 2511 316 2578 XVI.
349 2511 490 2599 Δέχεται
518 2509 561 2598 δὴ
587 2509 650 2600 τὴν
673 2517 874 2600 παραίνεσιν
902 2509 921 2581 ὁ
950 2511 1078 2593 Τύλλος
1098 2509 1147 2579 καλ

139 2617 344 2704 δεχημέρους
370 2617 597 2705 ποιησάμενος
623 2617 764 2706 ἀνοχάς,
795 2621 832 2688 έν
860 2614 914 2700 αἷς
937 2619 1151 2706 βουλεύσεταί

138 2748 174 2792 τε
200 2723 257 2790 καὶ
288 2721 411 2811 μαθων
443 2723 505 2812 τήν
539 2723 696 2794 διάνοιαν
728 2730 797 2794 τῦν
824 2723 987 2814 Ὁρατίων
1020 2724 1149 2810 ἀποκρι-

139 2841 245 2897 νεῖται
264 2834 376 2916 παρῆν
395 2835 443 2911 είς
460 2828 522 2918 τὴν
540 2830 650 2900 πόλιν.
682 2845 755 2913 ταῖς
774 2831 805 2900 δ’
828 2833 902 2920 ἑξῆς
919 2830 1058 2922 ἡμέραις
1073 2836 1148 2918 βου

212 3067 227 3116 λ
253 3056 345 3116 τύλλιε
369 3063 393 3118 A
474 3070 490 3118 3
514 3057 684 3133 ἀναγκάζων
711 3065 764 3118 ΑΒ
798 3064 832 3119 of.
861 3063 951 3119 Cobet
982 3063 1047 3120 obs.
1072 3080 1098 3132 p.
1117 3064 1146 3114 63

140 3127 274 3196 λαῦτοῖς
298 3134 322 3187 Α
403 3139 419 3188 5
445 3130 503 3206 έπλ]
528 3132 568 3196 είς
597 3151 619 3190 c.
647 3135 790 3206 Kiessling
871 3140 903 3189 11
927 3154 958 3190 τε
981 3133 1013 3190 τὸ
1040 3128 1105 3189 αῦτὸ
1126 3130 1146 3183 Β

139 3222 169 3288 ε
189 3199 442 3329 ῖιῖιιῖῖι
473 3199 989 3351 ειιῖιειῖθιεοῖσι(ι
1040 3200 1146 3333 λιιι

140 3291 246 3426 ῦῦέγτοιὲ
259 3293 362 3398 Βεὶεῦε
382 3317 523 3411 δλίγῦιςΟ
542 3341 635 3414 λύγοις
649 3277 787 3403 Βῖολιῦῦοε
860 3353 893 3404 19
912 3349 962 3403 καλ
979 3345 1017 3403 τά
1035 3345 1145 3415 πολέμια

142 3411 250 3493 αχαθοῖ
276 3413 329 3466 del.
347 3414 468 3467 Reudler
491 3413 582 3470 Tiroc.
606 3434 632 3486 p.
653 3423 686 3473 29
703 3421 707 3487 Ι
724 3414 819 3488 <γ>ἀρ
838 3418 861 3470 Β
883 3415 954 3486 παρ’
972 3422 1000 3474 A
1069 3423 1099 3472 21
1117 3433 1145 3468 τε

143 3479 179 3545 δη
197 3482 220 3533 Β
238 3477 271 3532 δὲ
285 3482 316 3532 -Α
333 3499 403 3538 corr·
421 3482 563 3553 Kiessling
