2404 3918
145 210 212 276 356
571 208 737 260 -Γ-

145 368 301 456 εζόμενος
341 367 550 454 ἀπετάφρευε
590 367 647 434 καλ
685 363 929 455 περιεχαράκου
965 363 1023 431 καί
1056 388 1143 449 τειχο·

146 481 270 565 μαχίαν
293 479 474 544 συνίστατο
494 478 553 561 τῆς
570 469 746 560 ὑπαίθρου
764 475 906 559 κρατῶν.
952 469 1144 552 ἐξελθόντων

148 581 185 651 δὲ
208 581 273 652 σὺν
296 584 477 669 ἱκετηρίαις
498 584 568 648 τῶν
591 577 829 667 πρεσβυτάτων
855 578 912 646 καὶ
939 576 1002 656 τάς
1025 603 1060 644 τε
1081 575 1145 661 βλά-

147 695 209 776 βας
237 687 412 757 διαλύσειν
438 684 698 774 ὑποσχομάιωυ,
730 683 776 766 ὡς
804 681 848 752 ἂν
878 683 896 753 ὁ
926 682 1082 771 βασιλεὺς
1107 687 1145 748 δι-

120 794 286 884 εκαιάση,
308 796 365 863 καὶ
387 793 469 874 τοὺς
488 793 629 881 ἐνόχους
650 807 721 874 ταῖς
739 797 860 871 αἰτίαις
882 794 938 860 ε’πί
960 795 1058 876 δίκην
1074 798 1176 876 aaut*

147 903 233 984 ἕξειν
261 899 539 988 ὁμολογούντων,
567 898 694 987 ἀνοχὰς
718 897 803 986 πρὸς
831 895 957 978 αὐτοὺς
984 895 1146 983 ποιησάμε·

146 1034 207 1089 νος
227 1009 285 1077 καὶ
310 1009 351 1076 τὰ
381 1011 495 1076 δίκαια
521 1004 600 1096 παρ’
627 1005 790 1076 ἑκόντων
803 1003 918 1092 λαβὼν
945 1005 1084 1094 εἰρήνην
1102 1003 1144 1070 καὶ

147 1120 266 1202 φιλίαν
289 1120 494 1184 συντίθεται.

237 1224 407 1290 ΧΧΧΧΠ.
427 1219 483 1290 Ἐκ
506 1220 545 1290 δὲ
567 1223 628 1288 τοῦ
647 1224 810 1306 Σαβίνων
829 1225 957 1300 ἔθνους
976 1210 1078 1296 αὖθις
1095 1219 1144 1284 ἕτε

107 1351 135 1392 ιο
148 1334 207 1418 ροί
236 1355 325 1408 τινες
355 1332 415 1414 τῆς
441 1325 616 1415 Ῥωμαίων
657 1324 751 1394 οὕτω
774 1328 1026 1414 πεπειραμένοι
1063 1325 1143 1392 δυνά·

148 1461 249 1522 μεως,
278 1439 297 1477 *
316 1439 335 1477 *
362 1434 463 1502 πόλιν
492 1437 664 1513 οἰκοῦντες
697 1429 884 1519 εὐδαίμονα
915 1433 972 1500 καί
1005 1432 1136 1520 μεγάλην,

148 1543 301 1626 ἐγκαλεῖν
330 1539 394 1627 μὲν
421 1538 536 1620 αὐτοῖς
559 1537 663 1609 οὐδὲν
686 1545 831 1626 ἔχοντες,
860 1549 1010 1627 φθονεῖν
1036 1538 1075 1607 δὲ
1091 1551 1134 1614 τοῖς

148 1643 318 1734 εὐτυχίαις
341 1645 606 1735 ἀναγκαζόμενοι
628 1649 777 1734 μείζοσιν
800 1644 923 1734 ἦκατὰ
945 1647 1053 1733 λόγον
1074 1669 1140 1731 γινο

148 1753 279 1838 με’ναις,
302 1751 480 1836 ἄνθρωποι
508 1755 618 1823 δεινοὶ
643 1753 685 1822 τὰ
707 1755 850 1842 πολέμια
875 1753 914 1822 τὸ
944 1753 1008 1840 μὲν
1030 1755 1145 1839 πρῶτον

109 1879 135 1922 ιε
149 1857 215 1928 ἀπὸ
249 1866 439 1948 ληστηρίων
469 1862 525 1929 καὶ
558 1865 771 1947 καταδρομῆς
801 1858 917 1947 άγρῶν
945 1857 1057 1946 ὀλίγοι
1082 1878 1147 1925 συν-

149 1966 310 2047 ελθόντες
327 1965 489 2053 ἤρξαντο,
508 1972 620 2036 ἔπειτα
643 1965 875 2054 δελεαζόμενοι
895 1981 968 2048 ταῖς
991 1964 1149 2053 ὠφελείαις

149 2070 304 2157 φανερὰν
339 2076 518 2142 ποιοῦνται
555 2079 732 2158 στρατείαν
769 2069 823 2142 ἐπ’
856 2069 982 2154 αὐτοὺς
1016 2074 1071 2142 καὶ
1103 2074 1149 2156 τῆς

109 2183 131 2247 2
151 2176 281 2266 ὁμόρου
303 2177 433 2266 πολλὴν
461 2182 703 2266 λεηλατοῦντες
729 2178 902 2249 ἐκάκωσαν
925 2183 1076 2268 ἰσχυρῶς.
1118 2173 1149 2245 οό

149 2282 217 2372 μὴν
241 2283 409 2371 ἐξεγένετό
436 2311 474 2371 γε
502 2281 618 2365 αὐτοῖς
645 2283 723 2354 οὔτε
750 2284 807 2366 τὰς
836 2284 1002 2374 ω’φελείας
1023 2283 1149 2370 ἀπάγειν

109 2421 136 2462 ιο
150 2388 222 2460 οὔτ’
249 2388 364 2471 αὐτοῖς
392 2388 522 2471 άθάοις
549 2388 727 2478 ἀπελθεῖν,
750 2390 823 2461 ἀλλ’
850 2393 1061 2480 ἐκβοηθήσας
1079 2391 1149 2460 κατὰ

150 2496 306 2584 σπουδὴν
334 2495 353 2566 ό
381 2501 450 2566 τόν
468 2495 643 2585 Ῥωμαίων
669 2499 826 2584 βασιλεὺς
852 2500 909 2568 καὶ
934 2506 1078 2587 πλησίον
1102 2501 1150 2582 τῆς

149 2606 288 2672 ἐκείνων
320 2608 533 2693 παρεμβολῆς
564 2605 709 2692 θέμενος
735 2602 796 2674 τὸν
828 2604 957 2693 χάρακα
979 2609 1180 2692 apostatum

110 2714 130 2778 3
151 2707 273 2791 αὐτοὺς
296 2708 486 2797 ἠνάγκασεν
511 2715 560 2791 εἰς
578 2711 697 2799 μάχην.
742 2713 873 2798 ἐγένετο
892 2711 955 2798 μὲν
979 2704 1043 2780 οὖν
1065 2712 1149 2800 μέγας

150 2815 243 2904 ἀγόν
266 2818 323 2885 καὶ
345 2818 465 2886 πολλοὶ
487 2814 566 2902 παρ’
592 2815 793 2906 ἀμφοτέρων
817 2823 955 2903 ἔπεσον,
979 2819 1148 2907 ἐκράτησαν

110 2943 137 2984 2⁵
152 2921 190 2992 δὲ
208 2921 365 3010 Ῥωμαῖοι
388 2920 531 2994 κατὰτὸ
556 2924 714 3012 ἔμπειρόν
742 2950 777 2993 τε
804 2925 861 2993 καὶ
883 2925 1087 3011 φιλόπονον,
1111 2915 1148 2991 όν

222 3125 238 3174 2
262 3117 395 3173 ευνίστα.
415 3119 438 3172 Β
519 3126 536 3174 4
560 3113 594 3183 ἃς
616 3113 653 3175 διν
676 3120 701 3175 Ο
728 3136 796 3175 corr.
821 3119 983 3190 Stephanus
1063 3126 1078 3176 5
1099 3123 1146 3178 ταῖς

151 3189 256 3252 αἰτίαις
279 3190 315 3258 Β,
339 3205 392 3244 om.
416 3190 442 3244 A
465 3191 495 3244 in
518 3191 611 3260 spatio
692 3197 709 3246 8
732 3194 917 3246 συντίθενται
939 3193 966 3246 A
1042 3199 1074 3247 11
1095 3191 1145 3244 aute

149 3261 233 3318 πόλιν
247 3261 379 3316 lacunam
393 3261 716 3332 significavitKiaasling
773 3268 805 3317 15
821 3263 870 3317 καὶ
883 3261 906 3318 Β
921 3280 977 3318 om.
986 3263 1013 3318 R
1065 3269 1094 3317 17
1106 3256 1145 3328 τὴν

151 3333 300 3400 στρατείαν
329 3330 501 3400 Grasberger
527 3329 604 3386 Taua.
632 3332 747 3403 Herpib.
770 3350 798 3402 p.
823 3339 857 3388 15
940 3340 974 3388 20
998 3329 1144 3394 άθάιοιςδ

152 3406 186 3454 25
206 3398 341 3468 ἔμπειρον
364 3399 417 3453 ΑΒ
440 3402 469 3455 at
491 3399 592 3456 Reiska
619 3400 743 3472 ἔμπονον
768 3404 794 3457 R
814 3403 818 3475 t
840 3405 1028 3474 *φερέπονον
1047 3405 1079 3472 0,
1103 3400 1143 3456 def.

153 3467 276 3522 Schenkl
304 3467 434 3522 Bursiani
451 3469 621 3525 Litterarum
640 3489 704 3528 ann.
722 3473 843 3528 breviar.
862 3492 889 3543 p.
910 3480 944 3530 39
