2404 3918
530 268 699 321 -Γ-

103 428 161 496 καλ
183 425 313 514 <ἀλλα>
337 425 445 495 πολλά
468 425 640 514 ἐπιτήδεια
662 426 850 514 λαμβάνειν
873 428 909 494 έκ
931 430 993 513 τῆς
1016 423 1129 513 χώρας

105 533 168 602 οὐκ
200 537 266 603 έτόυ
299 541 347 615 είς
377 532 507 622 πολλὴν
539 535 742 621 κατέστησεν
773 531 934 603 ἁπάντων
965 530 1128 620 ἀπορίαν·

105 637 185 709 ὥστ’
201 639 470 728 ἠναγκάσθησαν
485 640 693 728 φυλάξαντες
709 640 817 709 νύκτα
835 642 1007 729 χειμέριον
1023 637 1128 708 ὕδασι

104 746 161 814 καὶ
188 745 300 839 ἀνέμῳ
329 762 453 835 φυγεῖν
481 751 628 834 αἰσχρῶς
660 748 696 815 έκ
723 750 785 816 τού
817 745 964 835 χάρακος
991 753 1128 814 καταλι-

78 851 226 933 ιπόντες
248 855 286 921 έν
314 852 403 946 αύτῷ
431 854 473 922 τά
500 880 536 922 τε
564 850 729 940 ὑποζύγια
755 855 812 921 καὶ
838 849 899 933 τάς
921 850 1048 939 σκηνὰς
1071 853 1129 920 καὶ

104 956 185 1039 τούς
206 966 411 1048 τραυματίας
428 962 485 1029 καὶ
507 959 570 1048 τὴν
593 965 642 1041 είς
661 959 723 1030 τὸν
741 958 891 1047 πόλεμον
909 956 1129 1048 παρασκευὴν

66 1069 87 1134 3
106 1063 249 1135 ἅπασαν.
289 1070 330 1156 τῇ
354 1065 386 1134 θ’
408 1068 484 1154 ἑξῆς
506 1064 614 1157 ἡμέρα
637 1066 808 1154 μαθόντες
830 1071 866 1136 οί
881 1064 1040 1154 Ῥωμαῖοι
1057 1064 1170 1152 τὴνσιο

106 1171 253 1261 ἀπαρσιν
282 1171 395 1241 αὐτῶν
421 1174 479 1242 καὶ
505 1173 687 1260 γενόμενοι
718 1178 780 1242 τοῦ
807 1173 954 1261 χάρακος
981 1171 1129 1260 ἀμαχητὶ

105 1279 218 1367 κύριοι
247 1278 373 1366 σκηνὰς
401 1280 463 1367 μὲν
490 1281 546 1349 καὶ
576 1277 743 1368 ὑποζύγια
769 1282 826 1349 καὶ
856 1281 1010 1370 χρήματα
1033 1279 1129 1367 ὃιήρ

67 1413 95 1454 10
108 1407 231 1473 πασαν,
248 1386 329 1466 τούς
347 1386 385 1455 δὲ
403 1387 635 1475 αἰχμαλώτους
648 1386 836 1474 ἀπάγοντες
854 1392 902 1468 είς
918 1385 981 1475 τὴν
996 1384 1129 1472 Ῥώμην

106 1491 326 1579 ἀνέστρεψαν.
363 1485 465 1574 οὗτος
483 1491 501 1562 ὁ
521 1493 667 1582 πόλεμος
685 1500 741 1581 ἔτη
759 1496 858 1563 πέντε
877 1495 1025 1581 διέμεινε
1048 1512 1130 1560 συν-

107 1602 191 1685 εχῶς
216 1599 482 1688 πολεμούμενος,
510 1602 548 1669 έν
577 1591 603 1692 ᾧ
626 1604 692 1686 γῆν
723 1598 909 1687 ἀμφότεροι
935 1597 1000 1687 τὴν
1028 1597 1130 1684 ἀλλὴ·

108 1713 178 1773 λων
205 1710 417 1793 πορθοῦντες
444 1707 500 1774 καὶ
532 1704 640 1792 μάχας
672 1703 798 1785 πολλὰς
825 1705 983 1785 ἐλάττους
1009 1731 1046 1774 τε
1075 1705 1130 1771 καὶ

108 1816 241 1899 μείζους
264 1811 449 1899 μαχόμενοι
468 1814 671 1897 διετέλεσαν,
690 1810 789 1897 ὀλίγα
808 1814 870 1899 μέν
891 1838 970 1880 τινα
987 1813 1130 1879 καὶτῶν

69 1946 95 1986 ιε
109 1923 272 2004 Σαβίνων
301 1917 536 2006 εὐτυχούντων
559 1921 596 1986 ἐν
619 1933 689 1997 τοῖς
718 1916 844 2004 ἀγῶσι,
865 1915 906 1987 τά
930 1917 971 1986 δέ
989 1926 1129 1987 πλεῖστα

104 2020 292 2111 Ῥωμαίων·
330 2026 368 2092 έν
401 2022 439 2092 δέ
475 2027 515 2113 τῇ
548 2027 722 2114 τελευταία
760 2023 848 2113 μάχη
882 2026 978 2104 τέλος
1010 2029 1130 2111 έλαβεν

71 2126 297 2219 4ὁλοσχερές.
350 2135 498 2217 Σαβῖνοι
524 2128 590 2218 γὰρ
618 2127 680 2218 οὐχ
713 2128 758 2211 ὡς
789 2130 956 2219 πρότερον
987 2133 1026 2200 ἐκ
1059 2135 1131 2199 θια-

114 2239 225 2324 θοχῆς,
249 2235 321 2306 ἀλλ’
344 2235 412 2324 ἅμα
435 2236 557 2316 πάντες
580 2240 616 2305 οί
637 2236 881 2326 στρατεύσιμον
904 2243 1039 2325 ἔχοντες
1061 2235 1130 2325 ἡλι-

112 2348 190 2411 κίαν
214 2345 360 2431 ἐξῆλθον
389 2343 443 2411 ἐπὶ
472 2341 533 2412 τὸν
556 2342 722 2431 πόλεμον,
740 2341 902 2431 Ῥωμαῖοί
919 2371 956 2412 τε
979 2343 1129 2431 σύμπαν-

74 2476 167 2530 εοτες
188 2446 248 2530 τὰς
271 2454 429 2518 Λατίνων
452 2449 508 2516 καὶ
531 2453 719 2536 Τυρρηνῶν
740 2451 796 2517 καί
819 2454 887 2518 τῶν
910 2448 1025 2519 ἀλλων
1049 2470 1131 2538 συμ

112 2554 229 2644 μάχου
263 2555 426 2644 δυνάμεις
457 2554 709 2641 παραλαβόντες
741 2556 892 2644 έχάρονν
926 2554 1030 2645 ὁμόσε
1062 2572 1131 2638 τοῖς

74 2665 292 2750 5πολεμίοις.
339 2660 357 2732 ὁ
383 2662 445 2751 μὲν
470 2654 532 2732 οὖν
559 2666 628 2731 τῶν
651 2667 815 2749 Σαβίνων
845 2661 1032 2751 στρατηγὸς
1056 2669 1131 2752 διχῇ

112 2775 249 2860 μερίσας
271 2767 330 2849 τάς
353 2772 514 2858 δυνάμεις
537 2769 600 2838 δύο
628 2785 773 2839 ποιεῖται
796 2770 1021 2857 στρατόπεδα,
1051 2768 1070 2839 ὁ
1097 2770 1132 2839 δὲ

112 2881 180 2944 τῶν
206 2874 380 2964 Ῥωμαίων
411 2875 569 2963 βασιλεὺς
599 2882 676 2963 τρία
716 2874 859 2963 ποιήσας
888 2875 1040 2965 τάγματα
1078 2878 1131 2945 καί

73 3011 99 3053 τε
112 2997 202 3073 τρεῖς
227 2981 441 3114 παρεμβολάς
472 2981 513 3052 ού
545 2982 677 3072 μακράν
709 2980 767 3051 ἀπ’
793 2981 950 3069 ἀλλήλων
972 2981 1132 3071 ’θέμενος

186 3172 321 3233 1*ἀλλα
344 3178 441 3232 addidi
462 3175 550 3233 πολλὰ
575 3179 598 3234 Ο
613 3178 729 3265 quod
720 3196 750 3232 m
773 3171 860 3233 τᾶλλα
880 3178 1005 3233 mutavit
1026 3179 1130 3234 Reiske

115 3248 312 3305 maimo
386 3255 401 3303 9
425 3250 512 3304 verba
533 3249 583 3304 καὶ
605 3245 746 3338 ὑποζύγια
768 3269 794 3304 κ
804 3269 843 3332 χ.
862 3251 887 3304 δ.
910 3269 935 3303 τ.
958 3251 984 3304 δ.
1008 3244 1036 3303 ἀ
1058 3245 1128 3320 ἀγα-

114 3316 213 3406 γόντες
231 3336 285 3375 om.
298 3320 355 3386 Aa,
368 3320 433 3374 add.
445 3319 538 3374 Abin
555 3337 628 3406 mg.
672 3315 738 3374 10'
710 3316 876 3405 αγαγόντες
894 3320 947 3374 AB
966 3316 1131 3448 ἀγοντεςῖἓ

115 3385 275 3472 ἀπάγοντες
301 3361 444 3459 ΚΞέεεΙίῐιρ
534 3396 567 3447 16
595 3385 796 3478 εύτνχούνταν
826 3389 915 3446 Cobet
942 3391 1006 3446 obs.
1039 3399 1114 3516 μζ

116 3453 383 3580 ὃιεντοχοχξντωνΟ
459 3466 492 3515 16
516 3458 598 3533 ἔλαβε
618 3464 643 3516 Α
721 3466 754 3516 18
778 3456 848 3515 ἀλλά
872 3455 978 3525 πάντες
995 3462 1020 3514 Β

117 3533 225 3581 ποιειτε
