2408 3928
458 209 622 262 ..Β-

51 378 69 440 δ
102 373 158 443 οὐκ
189 372 241 441 ἐπὶ
272 375 340 440 τῶν
373 373 552 439 ἰδιωτικῶν
583 365 806 455 κατεστήσατο
839 365 948 453 μόνον
974 363 1049 452 κτή-

50 501 126 548 σεων
147 478 184 548 τὸ
207 483 354 564 δίκαιον,
377 474 462 546 άλλά
490 476 546 544 καὶ
573 476 626 544 lul
653 485 722 545 τῶν
747 478 934 562 δημοσίων,
959 469 1052 559 ὅροις

50 585 191 666 κάκείνας
217 585 422 674 περιλαβών,
449 586 507 654 ίνα
533 582 590 651 καλ
614 580 675 670 τήν
694 579 867 670 Ῥωμαίων
894 584 960 667 γῆν
982 576 1049 647 άπὸ

50 697 97 779 τῆς
117 690 350 779 άστυγείτονος
373 688 462 781 ὅριοι
485 693 642 776 διαιρῶσι
665 688 742 758 θεοὶ
765 689 822 756 καὶ
844 686 908 774 τήν
929 685 1050 774 κοινήν

49 795 102 868 άπὸ
123 802 180 886 τῆς
207 803 304 879 ίδίας.
350 802 449 867 τοῦτο
477 798 579 886 μέχρι·
600 799 668 865 τῶν
697 793 776 864 καθ’
802 792 889 882 ήμάς
911 792 1071 883 χρόνωνο

51 905 241 990 φυλάττουσι
258 904 415 994 Ῥωμαῖοι
446 907 522 990 [τοῦ
544 905 685 992 χρόνον]
708 916 852 990 μνημεῖα
874 905 933 988 τῆς
956 897 1051 982 ὁσίας

50 1007 136 1098 αὐτής
162 1015 268 1083 ἕνεκα.
313 1013 418 1092 θεούς
444 1036 479 1080 τε
509 1008 573 1100 γάρ
596 1007 760 1097 ἡγοῦνται
789 1006 868 1088 τοὺς
891 1008 1051 1095 τέρμονας

49 1119 93 1185 καλ
115 1119 264 1190 θύουσιν
297 1117 411 1200 αὐτοῖς
443 1116 541 1204 ὁσέτη
574 1120 642 1186 τῶν
670 1114 732 1203 μὲν
760 1113 918 1204 ἐμψύχων
948 1111 1051 1183 οὐδὲν

50 1222 94 1312 (οὐ
117 1224 182 1314 γάρ
211 1223 310 1296 ὅσιον
338 1224 511 1314 αἱμάττειν
542 1217 623 1304 τοὺς
653 1224 788 1310 λίθους)
819 1219 984 1301 πελάνους
1012 1222 1050 1292 δὲ

16 1332 321 1420 λίοδημητρίονςκαὶ
341 1331 444 1412 άλλας
465 1330 560 1412 τινάς
581 1333 720 1416 καρπῶν
743 1330 902 1417 ἀπαρχάς.
948 1301 1091 1428 ίχρήυιῗ

49 1439 78 1504 δὲ
92 1438 143 1505 καλ
161 1437 199 1508 τὸ
221 1445 322 1526 ἔργον
340 1444 389 1508 ἔτι
407 1437 587 1526 φυλάττειν
602 1434 722 1506 πιστὸν
741 1433 874 1520 αὐτούς,
891 1425 932 1502 οὗ
950 1436 1049 1522 χάριν
1165 1437 1183 1458 “’

47 1530 135 1624 θἐοὺς
165 1545 301 1635 ἐνόμισε
337 1543 417 1626 τοὺς
452 1547 616 1632 τέρμονας
653 1540 671 1612 ὁ
704 1541 840 1630 Νόμας,
873 1541 1049 1628 ίκανονμί-

47 1677 114 1732 νους
143 1666 214 1734 τοῖς
249 1652 376 1722 ἑαυτῶν
409 1649 569 1739 κτήμασι,
601 1653 668 1718 τῶν
698 1645 729 1717 δ’
756 1647 943 1739 ἀλλοτρίων
968 1646 1049 1735 μήτε

47 1761 93 1848 βίᾳ
117 1759 414 1848 σφετεριζομένους
441 1758 547 1846 ’μηδὲν
575 1755 656 1844 μήτε
685 1753 784 1848 δόλῳ.
830 1759 896 1824 νῦν
928 1752 960 1823 δ’
987 1755 1049 1843 οὐχ

48 1859 84 1942 ῶς
103 1862 241 1952 άμεινον
264 1862 339 1934 οὐδ’
366 1863 412 1946 ῶς
435 1868 470 1934 οἱ
489 1862 653 1951 πρόγονοι
680 1863 874 1950 παρέδοσαν
901 1860 1052 1948 ὁρίζουσί
1063 1884 1090 1926 1⁶

47 1994 119 2052 τινες
141 1968 207 2042 άπὸ
232 1976 300 2042 τ’ῶν
323 1969 511 2059 ἀλλοτρίων
532 1969 574 2040 τὰ
595 1976 710 2056 οίκελα,
730 1966 802 2038 ἀλλ”
824 1974 915 2038 ἔστιν
935 1967 1050 2050 αὐτοῖς
1075 1999 1080 2010 ·

48 2073 113 2162 ὅρος
133 2083 202 2149 τῶν
227 2078 375 2166 κτήσεων
400 2075 461 2166 οὐχ
485 2075 502 2146 ὁ
528 2076 649 2164 νόμος,
675 2073 748 2145 ἀλλ’
774 2073 795 2164 ή
819 2075 956 2144 πάντων
980 2077 1049 2144 ἐπι-

47 2189 150 2270 θυμία,
172 2173 310 2274 πράγμα
334 2183 376 2254 οὐ
393 2183 507 2253 καλόν.
547 2180 619 2252 ἀλλ’
641 2180 725 2273 ὑπὲρ
747 2181 810 2271 μὲν
828 2180 957 2251 τούτων
982 2183 1048 2267 [ἐν]

48 2288 156 2376 ἑτέροις
177 2297 341 2379 παρίεμεν
360 2305 507 2366 σκοπεῖν.

119 2399 250 2466 LXXV.
282 2396 318 2465 Ὁ
345 2397 383 2468 δὲ
404 2397 526 2486 Νόμας
552 2401 600 2478 είς
626 2395 689 2486 μὲν
712 2393 881 2466 εὐτέλειαν
908 2397 964 2463 καὶ
988 2414 1089 2464 σω-υο

46 2502 209 2592 φροσάνην
234 2503 292 2572 διὰ
314 2503 480 2574 τοιούτων
499 2505 688 2584 συνέστειλε
711 2501 828 2591 νόμων
851 2499 1047 2588 τὴνπόλιν,

104 2705 118 2750 3
142 2701 279 2761 κακείνας
302 2699 325 2753 Β
352 2704 472 2754 κακεῖνα
495 2699 521 2752 R
603 2703 619 2754 5
644 2696 749 2758 τούτου,
771 2715 793 2752 ο.
819 2695 943 2752 Schmitz
965 2715 993 2768 p.
1014 2703 1047 2753 16

48 2770 121 2823 6τοῦ
140 2769 245 2840 χρόνον
264 2771 318 2825 del.
338 2770 385 2825 Bb
403 2770 454 2825 τοῦ
474 2769 565 2840 νόμον
584 2787 608 2826 ο.
622 2769 767 2836 ΒδοΙιΘΙετ,
786 2769 838 2823 τοῦ
861 2763 982 2838 άρχαίοο
1000 2770 1047 2823 vel
1132 2825 1134 2830 ,

47 2836 514 2968 αλκκολακεία
527 2842 765 2978 ἀεαλαει
778 2837 1048 2967 αιιλκλῑλλ

48 2981 209 3046 λπελανοδς
227 2985 253 3038 Α
331 2989 364 3038 10
387 2979 527 3054 δήμητρος
550 2982 573 3038 0
600 3000 669 3038 corr.
688 2981 817 3037 Meineke
899 2987 930 3035 11
950 2932 1047 3038 *0in-

48 3049 155 3108 ιουάοου
170 3054 196 3108 Α
214 3050 257 3110 άπ
278 3053 423 3128 αυ>του..
444 3047 477 3109 οδ
493 3056 514 3108 Β
534 3046 607 3109 ned‘
628 3053 692 3108 add.
711 3053 759 3108 Bb
779 3048 850 3108 αάτδ
865 3043 900 3108 οὖ
916 3053 1047 3124 Sylburg,

48 3116 138 3187 αάιοδς
156 3116 191 3181 οὗ
212 3125 271 3181 Can
286 3143 328 3195 er,
348 3119 477 3188 ἅπαντας
495 3124 611 3202 Βοίολςθ,
638 3119 743 3186 αὐτοὺς
762 3117 828 3178 ῶτον
847 3124 949 3179 Portus
986 3120 1045 3180 άπὸ

48 3193 163 3251 πολίτου
188 3196 353 3264 Διολαοιολι,
378 3195 501 3252 Sintenis
524 3197 585 3251 Em.
604 3195 687 3251 Dion.
705 3195 718 3248 I
736 3213 764 3264 p.
783 3201 818 3249 20
896 3201 930 3249 12
950 3166 1048 3266 ίνόμι-

49 3265 129 3320 cavo
151 3284 221 3324 corr.
246 3267 383 3324 Bticheler
398 3265 434 3335 Ιὸ
458 3264 561 3338 Νόμας
584 3267 722 3324 Βιῖολιολοτ
749 3261 891 3336 ὀνομάσαι
908 3266 956 3320 Ba
984 3261 1048 3322 ὀνο-

50 3329 123 3399 μάσαι
139 3338 215 3394 BbB,
230 3341 235 3409 Ι
252 3336 459 3410 ίκανουμένους
481 3338 558 3393 haud
581 3338 665 3394 dubie
689 3340 851 3407 corruptum
871 3339 915 3392 est
934 3334 1047 3394 ἱκανου-

51 3403 130 3470 μένους
142 3408 187 3465 Ba
205 3407 401 3482 άρκουμένονς
420 3427 443 3467 ο.
458 3409 566 3480 Kayser
578 3410 651 3464 Anu.
665 3409 734 3478 phil.
752 3415 819 3464 1861
834 3427 861 3479 p.
877 3415 893 3463 9
963 3415 996 3465 18
1017 3407 1048 3466 ἐν

51 3475 139 3535 delevit
157 3480 316 3553 Stephanus
389 3487 422 3536 21
443 3479 642 3554 συνίστ<ειλ>ι
661 3480 684 3533 Β
703 3480 854 3548 συνέστησε
873 3481 900 3534 R
