2408 3928
586 223 750 276 -B—

93 421 103 436 -
156 381 267 471 χώρας
299 378 406 450 αὐτοῦ
437 383 691 470 ποιησαμένοις,
725 386 757 450 εί
788 381 965 468 βούλοιντο
1001 385 1143 469 συμβῆναι

157 494 235 577 δίχα
266 491 415 577 πολέμου
445 486 529 577 πρὸς
558 487 680 576 αὐτόν,
713 486 794 575 ὅπερ
823 493 871 570 εἰς
897 485 1043 576 άνάγκην
1068 515 1142 555 κατα-

157 595 293 678 στάντες
325 597 496 684 ἐποίησαν.
549 605 664 685 οἰομαι
694 594 733 664 δ’
768 595 946 684 ἐπειδήπερ
983 593 1042 664 οὐκ
1074 600 1144 663 ἔστιν

156 703 335 791 ἐπιχώριον
355 701 494 789 Ἕλλησι
521 701 560 772 τὸ
588 704 662 790 περὶ
690 702 771 784 τοὺς
798 707 1010 792 εἰρηνοδίκας
1035 700 1144 790 άρηεῑον
1190 787 1191 792 ¹

115 827 129 868 ὅ
157 808 343 896 άναγκαίου
366 808 458 878 εἰναί
472 836 529 898 μοι
547 810 665 878 πόσων
684 812 740 879 καὶ
762 816 913 898 πηλίκων
936 811 1006 879 ἐστὶ
1022 809 1144 897 πραγμό-
1190 805 1191 870 ἶ

154 943 224 984 των
245 916 366 1004 κύριον
387 920 546 1003 διελθεῖν,
567 921 626 985 ἵνα
643 931 714 998 τοῖς
731 914 897 1005 άγνοοῦσι
921 915 983 1005 τὴν
1000 914 1144 1003 Ῥωμαίων
1190 931 1191 958 ἒ

156 1020 344 1110 εὐσέβειαν,
372 1020 416 1112 ἣν
444 1027 480 1092 οί
503 1025 578 1094 τότε
605 1023 729 1114 ἄνδρες
757 1022 974 1112 ἐπετήδευον,
1002 1021 1145 1112 μήιπαρό-
1190 1015 1191 1036 ³

45 1206 48 1215 ‚
156 1131 258 1211 δοξον
282 1128 369 1199 εἰναι
392 1135 484 1221 φανῇ
508 1129 546 1200 τὸ
566 1130 694 1212 πάντας
716 1127 832 1211 αύτοίς
853 1129 891 1200 τό
915 1132 1087 1199 κάλλιστον
1106 1137 1145 1195 λα-

120 1229 230 1322 4βεῐυ
257 1236 338 1318 τούς
363 1240 532 1325 πολέμους
558 1241 661 1319 τέλος.
705 1236 866 1307 ἁπάντων
892 1235 958 1326 γάρ
983 1233 1089 1306 αὐτόν
1106 1233 1147 1312 τός

118 1360 144 1399 1⁰
158 1340 261 1432 άρχόις
291 1345 347 1412 καί
383 1343 443 1425 τὰς
474 1342 655 1426 ὑποθέσεις
687 1343 926 1432 εὐσεβεστάτας
962 1343 1147 1432 φανήσονται

154 1450 376 1539 ποιησάμενοι
398 1451 454 1520 καί
478 1450 535 1520 διὰ
557 1456 658 1520 τοῦτο
687 1451 829 1544 μάλιστα
851 1449 930 1532 τοὺς
953 1449 1057 1532 θεοὺς
1078 1453 1148 1536 έσχη

153 1557 248 1638 κότες
274 1561 312 1627 ἐν
339 1572 410 1638 τοῖς
437 1558 613 1640 κινδύνοις
639 1556 813 1647 εύμενείς.’
852 1557 983 1627 ἅπαντα
1007 1557 1076 1646 ’μὲν
1103 1547 1149 1624 οὖν
1189 1575 1191 1682 η

155 1663 218 1734 ὅσα
241 1663 415 1734 ἀνάκειται
437 1668 570 1746 τούτοις
591 1679 663 1746 τοίς
685 1669 913 1754 εἰρηνοδίκαις
936 1667 1091 1734 ἐπελθεῖν
1109 1660 1150 1729 διὰ
1190 1683 1191 1724 ι

57 1816 66 1831 ι
153 1775 285 1858 πλῆθος
317 1770 358 1840 ού
392 1771 532 1864 ῥᾴδιον,
568 1772 793 1861 κεφαλαιώδει
831 1771 863 1840 δ’
898 1769 1080 1864 ύπογραφή
1109 1774 1151 1855 δη-

114 1881 258 1946 πλῶσαι
289 1876 398 1948 τοιάδ’
434 1880 516 1948 ἐστι·
553 1879 736 1968 φυλάττειν
767 1883 824 1947 ἵνα
856 1879 986 1966 μηδένα
1016 1877 1151 1966 Ῥωμαῖοι

152 1983 301 2072 πόλεμον
336 1988 531 2074 ἐξενέγκωσι
567 1985 650 2054 κατὰ
686 1990 851 2075 μηδεμιᾶς
883 1985 1077 2055 ένσπόνδου
1107 1983 1184 2053 τιό-391

152 2101 236 2172 λεως
272 2090 407 2178 ἄδικον,
450 2091 626 2179 άρξάντων
663 2093 701 2161 δὲ
738 2097 992 2182 παρασπονδεῖν
1030 2099 1078 2174 εἰς
1109 2091 1152 2159 αύ-

151 2196 230 2279 τούς
258 2199 380 2287 ἑτέρων
408 2199 660 2287 πρεσβεύεσθαί
685 2226 720 2268 τε
746 2201 803 2268 καί
829 2198 870 2268 τὰ
898 2203 1014 2268 δίκαια
1038 2205 1153 2290 πρῶτον

153 2311 258 2374 αἰτεῖν
281 2305 388 2398 λόγῳ,
416 2304 475 2397 ἐὰν
505 2305 543 2375 δὲ
571 2304 615 2394 μή
645 2313 830 2376 πείθωνται
853 2319 924 2387 τοῖς
946 2304 1153 2396 ἀξιουμένοις,

152 2410 221 2482 τότ’
247 2416 430 2501 ἐπικυροῦν
457 2412 518 2482 τὸν
541 2413 698 2501 πόλεμον.
744 2411 868 2502 ὁμοίως
897 2413 936 2482 δὲ
958 2409 1025 2483 κάν
1048 2413 1154 2484 άδικεῑ-

153 2526 241 2588 σθαί
263 2545 352 2600 τινες
378 2517 445 2589 ὑπὸ
464 2518 637 2608 Ῥωμαίων
666 2525 847 2590 ἔνσπονδοι
874 2521 1030 2607 λέγοντες
1056 2519 1097 2590 τὰ
1118 2523 1156 2586 δί’

117 2381 138 2446 5

113 2469 139 2510 2⁰

150 2653 230 2694 κατα
262 2631 394 2714 αἰτῶσι,
426 2626 568 2708 τούτους
601 2627 838 2714 διαγινώσκειν
870 2625 950 2708 τούς
982 2625 1109 2716 ἄνδρας
1133 2632 1159 2692 εἰ

150 2758 183 2801 τι
210 2733 422 2802 πεπόνθασιν
452 2738 642 2803 ἔκσπονδον
669 2736 724 2804 καί
748 2737 807 2803 έόιν
830 2733 954 2817 δόξωσι
979 2733 1022 2804 τά
1044 2730 1157 2824 προσή-

128 2866 254 2908 ,κοντα
273 2842 424 2926 ἐγκαλεῖν
445 2840 524 2922 τοὺς
542 2841 681 2930 ἐνόχους
703 2856 775 2922 ταῖς
797 2847 919 2922 αἰτίαις
938 2841 1158 2929 συλλαβόντας

58 2969 61 2976 “
111 2966 139 3007 2⁶
152 2945 311 3027 ἐκδότους
342 2962 413 3028 τοῖς
449 2946 642 3037 ἀδικηθεῖσι
677 2948 905 3036 παραδιδόναι
943 2947 984 3017 τά
1021 2975 1057 3016 τε
1092 2946 1156 3029 περὶ

149 3053 230 3135 τοὺς
251 3053 456 3146 πρεσβευτάς
478 3054 668 3145 ἀδικήματα
691 3055 837 3138 δικάζειν
863 3055 919 3124 καί
945 3053 987 3123 τά
1012 3055 1087 3144 περὶ
1108 3051 1157 3129 τὰς

151 3163 325 3250 συνθήκας
353 3160 639 3262 ὅσιαφυλάττειν
668 3162 806 3253 εἰρήνην
838 3188 873 3231 τε
907 3171 1079 3230 ποιεῖσθαι
1109 3159 1156 3230 καὶ

223 3353 412 3426 6άγνοοῦσιν
430 3356 456 3410 A
528 3353 621 3412 ’ἰτότε
641 3358 687 3411 Bb
706 3372 736 3412 τε
755 3358 831 3412 ΑΒο
903 3354 1016 3413 θεῖναι
1034 3355 1157 3412 Bom.R

154 3433 186 3478 13
207 3423 373 3490 ἐπεξελθεῖν
402 3443 425 3481 ο.
449 3426 577 3480 Hertlein
600 3428 716 3482 Hermes
738 3428 763 3482 X
785 3446 813 3497 p.
832 3433 886 3482 410
967 3435 1002 3482 25
1025 3425 1059 3482 τό
1082 3425 1113 3481 δὲ
1137 3425 1156 3479 0

152 3509 221 3547 corr.
240 3495 361 3564 Sylburg
