2412 3912
149 193 192 258 82
576 193 832 248 -Α--

147 360 222 433 κίας
244 355 300 422 καί
324 352 388 424 σύν
411 352 501 445 αύτῷ
525 380 614 433 τινες
632 357 701 422 τῶν
726 359 836 441 φίλων
860 350 1039 440 ὑπέμειναν
1061 353 1093 420 έν
1106 356 1141 442 τῷ

150 461 276 552 στόλῳ·
309 457 369 542 οῦς
401 466 490 530 ἔνιοί
515 481 620 548 φασιν
648 461 685 528 έν
711 458 869 552 Ἀλοντίῳ
892 464 1080 547 κατοικῆσαι
1099 462 1145 544 της

149 573 315 648 Σικελίας.
344 567 467 655 ταύτης
485 565 674 656 ὑπομνήσει
696 571 756 656 τῆς
779 566 970 657 εὐεργεσίας
988 566 1145 653 Ἀκαρνᾶσι

144 673 302 764 Ῥωμαῖοι
317 674 476 744 Λευκάδα
498 676 555 743 καὶ
575 674 792 764 Ἀνακτόριον
816 673 1020 762 ἀφελόμενοι
1041 679 1147 759 Κοριν-

122 788 251 864 amove
277 780 343 851 άνά
370 780 497 870 χρόνον
526 783 724 869 ἐχαρίσαντο
753 781 917 862 Οἰνιάδας
942 807 978 850 τε
1005 779 1147 848 άποιιατι-
1191 855 1192 860 ¹

150 893 270 976 στῦσαι
311 890 534 976 βουλομένοις
574 891 759 977 ἐπέτρεψαν
800 891 857 960 καὶ
897 887 956 969 τὰς
993 885 1150 974 Ἐχινάδας

109 989 277 1083 3νήσους
299 1000 515 1086 καρποῦσθαι
537 1001 635 1085 κοινῇ
665 995 740 1085 μετ’
765 1000 929 1066 Αἰτωλῶν
954 998 1091 1064 ἔδωκαν.
1126 994 1152 1059 οἰ

150 1103 188 1172 δέ
212 1103 276 1174 σὺν
291 1109 411 1196 Αἰνείᾳ
434 1103 657 1192 ποιησάμενοι
679 1103 741 1192 τὴν
765 1101 933 1190 ἀπόβασιν
957 1100 999 1171 ού
1023 1098 1099 1172 καθ’
1124 1103 1151 1166 ἓν

149 1216 275 1299 χοιρίον
298 1215 358 1300 της
385 1209 541 1298 Ἰταλίας,
572 1209 656 1280 άλλδι
684 1225 759 1291 ταῖς
785 1210 848 1299 μὲν
875 1215 1047 1289 πλείσταις
1068 1206 1154 1276 νανσί

111 1337 138 1378 10
150 1314 234 1403 πρὸς
262 1315 370 1405 άκραν
395 1316 566 1404 Ἰαπυγίας
594 1315 832 1406 ὁρμισάμενοι,
861 1312 888 1404 ἣ
910 1315 985 1386 τότε
1009 1323 1153 1384 Σαλεντί

148 1448 209 1502 νος
232 1423 373 1508 ἐλέγετο,
394 1438 467 1504 ταῖς
481 1424 519 1492 δέ
533 1432 666 1504 λοιπαῖς
687 1421 770 1492 κατὰ
789 1421 827 1492 τὸ
841 1422 1057 1510 καλούμενον
1068 1419 1186 1507 ’Λίδη-131

150 1554 272 1615 ναιον,
310 1534 397 1598 ἔνθα
433 1530 490 1598 καὶ
527 1528 628 1609 αὐτὸς
659 1533 799 1609 Αἰνείας
835 1527 1019 1616 ἐτύγχανεν
1057 1526 1156 1616 ἐπιβὰς
1192 1535 1193 1610 ᾗ

145 1635 288 1716 Ἰταλίας
321 1637 440 1726 (τοῦτο
471 1636 508 1705 δέ
535 1635 573 1706 τὸ
601 1642 728 1725 χωρίον
758 1636 850 1705 ἐστὶν
879 1634 1093 1728 ἀκρωτήριον
1114 1635 1158 1702 καὶ

149 1741 199 1811 ἐπ’
227 1741 315 1835 αύτῷ
343 1742 484 1832 θερινὸς
507 1742 626 1832 ὅρμος,
655 1740 692 1822 ὃς
716 1746 749 1825 ἐξ
773 1746 906 1813 ἐκείνου
928 1742 1032 1830 λιμὴν
1053 1744 1157 1832 Ἀφρο

111 1865 136 1908 1⁵
150 1852 245 1936 δίτης
270 1852 449 1941 καλεῖται),
471 1853 707 1939 παρέπλευσαν
730 1849 820 1938 άχρι
836 1855 997 1940 πορθμοῦ
1027 1853 1086 1920 διὰ
1107 1877 1160 1938 χει-

151 1955 210 2045 ρὸς
238 1962 370 2044 ἔχοντες
396 1957 556 2045 Ἰταλίαν,
585 1967 660 2046 ίχνη
688 1955 766 2026 τινδι
792 1956 856 2026 κάν
883 1956 1019 2038 τούτοις
1041 1956 1161 2028 ὑπολει-

150 2063 292 2152 πόμενοι
315 2080 386 2146 τοῖς
408 2065 524 2145 τόποις
545 2070 605 2152 τῆς
628 2064 775 2153 άφιἘεως
797 2063 882 2133 άλλα
904 2092 940 2135 τε
962 2067 1020 2132 καὶ
1045 2065 1163 2153 φιάλην

151 2176 277 2260 χαλκῆν
308 2174 345 2241 έν
368 2170 475 2261 Ἥρας
504 2177 582 2265 ίερῷ
612 2177 727 2261 γραφῇ
760 2175 934 2260 δηλοῦσαν
956 2170 1085 2264 ἀρχαία
1113 2173 1166 2240 τοῦ

153 2281 397 2368 δωρησαμένου
419 2283 460 2367 τῇ
482 2283 553 2371 θεῷ
577 2283 720 2348 Αἰνείου
742 2277 902 2367 τοῦνομα.
1193 2313 1194 2318 “

111 2419 138 2459 2⁰
240 2406 311 2472 LII.
347 2402 534 2489 Γενόμενοι
561 2402 601 2471 ’δὲ
628 2401 711 2471 κατὰ
742 2410 921 2490 Σικελίαν,
954 2413 1020 2472 εἴτε
1054 2403 1169 2491 γνύμη

150 2508 356 2596 χρησάμενοι
386 2512 467 2598 τῇδε
505 2506 713 2596 ὁρμίσασθαι
745 2519 810 2578 εἴτε
845 2511 902 2578 καί
937 2506 999 2578 ὑπ’
1035 2509 1169 2597 ἀνέμων

151 2619 312 2702 πονηρῶν
336 2618 549 2701 βιασθέντες,
576 2612 598 2682 δ
623 2613 665 2703 δὴ
693 2624 788 2703 φιλεῖ
812 2617 888 2703 περὶ
910 2613 973 2702 τὴν
995 2616 1171 2687 θάλατταν

151 2720 253 2809 τήνδε
276 2726 445 2808 γίνεσθαι,
467 2721 669 2808 κατάγονται
692 2725 751 2809 τῆς
764 2721 874 2810 νήσου
887 2721 1027 2810 περὶτὰ
1049 2723 1171 2792 καλού-

152 2853 237 2916 μενα
261 2829 441 2916 Δρέπανα·
475 2834 561 2898 ἔνθα
588 2828 871 2916 περιτυγχάνουσι
893 2843 964 2909 τοῖς
991 2828 1058 2898 σὺν
1082 2830 1175 2899 Ἐλύ-

225 3038 293 3096 1έν
311 3042 349 3095 τῦ
369 3043 434 3096 σίλω
453 3042 506 3098 ΔΒ
535 3037 566 3097 έν
584 3043 623 3116 τῷ
642 3043 746 3114 πλῷο.
765 3043 882 3112 Madvig
904 3042 975 3099 Adv
993 3045 1007 3098 I
1031 3050 1089 3098 '124
1111 3041 1178 3100 ε’θε·

152 3107 303 3169 λοόσιοιο.
323 3112 447 3169 Sintenis
466 3114 527 3168 Em.
546 3098 627 3169 Dion.
647 3097 719 3184 11'.p
738 3120 754 3168 2
785 3109 816 3169 έν
835 3115 868 3185 τῆ
862 3061 1008 3190 8Σιιιελίρι
1031 3133 1054 3170 ο.
1077 3116 1176 3170 Kiess-

152 3187 226 3271 ling
284 3190 300 3238 3
321 3180 538 3312 άιιαρνᾶσινΔ
599 3191 614 3240 7
636 3183 755 3270 ριίτολῦν
773 3186 799 3238 Α
817 3169 940 3240 αἰτωλάν
965 3170 1011 3240 Ba
1090 3195 1128 3244 15
1149 3184 1180 3242 ἐκ

152 3252 247 3326 χειρός
265 3254 387 3344 conieci,
407 3251 439 3312 ἐκ
458 3255 557 3342 δεξιάς
573 3251 708 3325 χειρόςσ
726 3256 870 3326 Hertlein,
888 3257 1006 3344 Hermgs
1025 3257 1094 3326 Xp
1097 3263 1180 3314 ,408

190 3333 224 3383 18
242 3323 358 3397 γραφὴν
378 3300 520 3395 δηλοῦσαν
540 3322 662 3396 άρχαίαν
681 3328 734 3381 ΑΒ
757 3347 799 3395 γρ.
824 3299 986 3414 ἔχόνσαν’
968 3349 996 3383 α.
1020 3346 1043 3383 ο.
1063 3277 1181 3418 Κῦγεετ

153 3399 225 3454 Ann.
244 3398 314 3467 phil.
336 3404 405 3453 1863
424 3404 478 3484 μθ
552 3403 584 3450 19
604 3398 638 3466 τῇ
657 3393 827 3467 θεῷΒτὴν
845 3397 954 3455 δεὸνΒ
1025 3397 1100 3455 21
1082 3422 1131 3456 vn
1134 3398 1184 3454 ’Β

155 3461 210 3521 ὑπὸ
229 3469 255 3522 R
327 3474 361 3522 23
381 3466 520 3536 γενέσθαι
538 3467 584 3520 Ba
