2408 3928
458 215 623 268 ..B-

41 373 136 460 κάτης
168 373 382 462 ὀλυμπιάδος.
438 374 515 444 οὔτε
547 373 590 462 δή
622 374 815 465 Πυθαγόρᾳ
850 380 897 468 τῷ
929 383 1049 468 Σαμίῳ

41 484 330 569 συμφιλοσοφῆσαι
358 484 403 572 τῷ
433 479 514 569 μετά
540 484 698 572 τέτταρας
724 480 911 570 ἀκμάσαντι
934 481 1051 568 γενεάς

43 585 179 670 δυνατός
201 580 244 676 ἦν
267 587 327 658 τὸν
351 588 476 676 Νόμαν
508 587 578 660 οὔτ’
605 592 642 657 έν
666 588 824 678 Κρότωνι
853 593 1050 679 διατρίβειν,

12 693 87 764 ενόέ
112 692 219 763 αὐτὸν
249 694 393 764 ἐκάλουν
421 697 475 765 ἐπὶ
506 695 568 783 τὴν
600 702 775 784 βασιλείαν
804 693 977 784 Ῥωμαῖοι,
1009 699 1050 784 τῇ

43 800 129 888 μήπω
153 800 223 871 τότ’
243 800 330 891 ούση
353 802 458 871 πόλει.
504 800 578 871 ἀλλ’
600 804 749 872 ἐοίκασιν
774 807 809 871 οί
823 801 865 872 τά
887 800 971 890 ὑπὲρ
990 801 1049 871 αύ-
1076 852 1090 894 ⁵

42 913 94 976 τοῦ
113 908 316 996 γράψαντες,
339 914 371 978 εί
392 907 455 998 χρή
475 909 579 992 δόξαν
599 914 691 980 ίδίαν
710 909 966 998 ἀποφήνασθαι,
986 908 1049 979 δύο

42 1019 133 1084 ταῦτα
166 1015 330 1102 λαβόντες
361 1015 633 1105 ὁμολογούμενα,
669 1018 732 1105 τήν
769 1045 804 1088 τε
835 1017 1050 1106 Πυθαγόρου

44 1121 210 1212 διατριβήν
242 1120 305 1210 τὴν
337 1124 525 1209 γενομένην
558 1125 595 1192 ἐν
619 1121 743 1214 Ἰταλία
771 1123 827 1192 καλ
858 1120 920 1210 τήν
948 1121 1050 1210 Νόμα

46 1235 156 1318 σοφίαν
173 1228 402 1320 (ὡμολόγηται
420 1227 484 1317 γάρ
504 1226 571 1299 ὑπὸ
584 1228 722 1298 πάντων
745 1228 763 1298 ὁ
783 1227 870 1318 ἀνὴρ
888 1231 1050 1317 γενέσθαι

46 1337 151 1426 σοφός)
191 1333 398 1416 ἐπισυνάψαι
434 1340 538 1405 ταῦτα
574 1339 631 1406 καί
666 1340 804 1424 ποιῆσαι
836 1335 1050 1424 Πυθαγόρου
1064 1367 1091 1408 10

42 1443 189 1532 μαθητήν
212 1440 274 1513 τὸν
297 1443 421 1532 Νόμαν
446 1441 557 1514 ούκέτι
584 1441 663 1524 πούς
690 1449 786 1530 βίους
808 1441 921 1512 αὐτῶν
944 1441 1049 1524 ἐξετά-

42 1568 158 1639 σαντες,
182 1555 216 1620 εί
234 1551 318 1621 κατὰ
342 1552 423 1632 τοὺς
440 1549 566 1631 αύτούς
587 1550 742 1640 ἤκμασαν
765 1547 949 1639 ἀμφότεροι
973 1548 1050 1637 χρό-

41 1683 123 1744 νους,
148 1655 232 1743 ὅπερ
255 1655 320 1743 έγοδ
348 1665 511 1746 πεποίηκα
533 1663 613 1728 νῦν·
642 1662 674 1726 εί
695 1657 741 1746 μή
763 1685 813 1738 τις
839 1655 906 1746 ἀρα
929 1665 1049 1726 Πυθα-
1069 1660 1090 1727 5

40 1763 138 1853 γόραν
163 1768 280 1855 ἕτερον
303 1762 512 1853 ὑποθήσεται
538 1767 603 1854 πρὸ
627 1768 689 1834 τού
711 1769 847 1852 Σαμίου
871 1764 1049 1852 γεγομέναι

40 1872 217 1960 παιδευτὴν
246 1878 383 1960 σοφίας,
407 1862 434 1965 ηδ
462 1873 699 1961 συνδιέτριψεν
728 1868 746 1940 ό
775 1870 904 1958 Νόμας.
948 1874 1048 1938 τοῦτο
1064 1900 1090 1942 ιε

41 1975 67 2044 δ’
87 1977 147 2048 ούκ
172 1977 239 2050 οἷδ’
266 1978 357 2060 ὅπως
379 1976 424 2049 ἀν
447 1978 620 2061 ἀποδεῖξαι
645 1977 785 2047 δύναιτο
813 1975 959 2065 μηδενὸς
982 1980 1050 2044 τῶν

41 2081 219 2172 ἀξιολόγων
252 2085 334 2174 μήτε
361 2084 527 2173 Ῥωμαίου
559 2082 642 2174 μήθ’
664 2083 843 2172 Ἕλληνος,
871 2081 934 2151 ὅσα
967 2080 1051 2168 κάμέ

41 2195 174 2279 εἰδέναι,
202 2192 482 2284 παραδεδωκότος
514 2195 551 2262 ἐν
584 2196 724 2281 ίστορίφ.
769 2187 854 2258 ἀλλὰ
882 2189 958 2277 περὶ
988 2187 1050 2275 μέν

41 2297 162 2368 τούτων
186 2297 271 2380 ἀλις.

120 2408 188 2475 LX.
206 2404 242 2474 ‘0
264 2407 302 2475 δέ
320 2407 440 2494 Νόμας
463 2404 680 2493 ἀφικομένων
704 2401 748 2483 ὡς
767 2399 871 2471 αὐτὸν
890 2400 1048 2485 [τούτων]
1063 2432 1090 2473 ω

42 2514 101 2579 τόν
122 2514 321 2583 καλούντων
346 2515 399 2584 ἐπὶ
417 2512 479 2600 τήν
502 2509 697 2600 ἡγεμονίαν,
715 2511 797 2589 τέως
814 2507 877 2596 μέν
895 2506 1049 2594 ἀντέλεγε

42 2619 88 2685 καί
111 2622 207 2710 μέχρι
229 2624 358 2690 πολλοῦ
387 2622 554 2707 διέμεινεν
581 2616 836 2705 ἀπομαχόμενος
863 2614 907 2702 μή
932 2620 1050 2701 λαβεῖν

43 2723 95 2811 τήν
121 2724 246 2816 ἀρχήν,
275 2724 321 2808 ἀς
348 2726 386 2795 δὲ
415 2731 451 2796 οί
474 2754 510 2795 τε
537 2723 679 2812 ἀδελφοί
711 2724 926 2809 προσέκειντο
956 2730 1051 2791 λιπα-

44 2837 171 2917 ροῦντες
194 2835 251 2902 καὶ
273 2838 437 2927 τελευτῶν
461 2831 479 2901 ὁ
503 2832 610 2920 πατήρ
639 2830 700 2900 ούκ
728 2827 825 2918 ἠξίου
847 2828 1050 2916 τηλικαύτην

11 2938 135 3028 ιεετιμήν
160 2943 347 3029 διδομένην
370 2938 601 3024 ἀπωθεῖσθαι,
626 2939 779 3024 συνέγνω
806 2938 968 3023 γενέσθαι
991 2941 1050 3024 βα·
1064 2964 1091 3007 τε

46 3047 157 3128 σιλεύς·
181 3061 253 3128 τοῖς
271 3047 309 3116 δέ
328 3045 504 3135 Ῥωμαίοις
521 3045 730 3132 πυθομένοις
752 3047 856 3112 ταῦτα
874 3040 963 3132 παρά
977 3045 1049 3112 ,τῶν
1069 3047 1090 3112 2

106 3276 175 3336 ὂτδ
195 3280 252 3335 del.
270 3279 380 3351 Kayser
397 3281 469 3334 Ann
489 3277 558 3347 phil.
579 3281 693 3362 1861p.
714 3280 730 3329 5
753 3275 825 3330 ταῦτ
828 3267 929 3341 ’ὑπὲρ
949 3273 1051 3329 Garrer

48 3347 138 3436 Obsp.
156 3359 190 3406 13
205 3355 322 3407 ουοθοτο
337 3350 540 3434 Kiesslingio
573 3343 756 3429 9δμολογειτ
729 3365 787 3400 ιται
805 3345 880 3400 BaR
944 3338 1013 3399 1⁷⁶
985 3363 1050 3400 ·οοα

48 3416 193 3512 κάμὲΒ”
176 3442 262 3486 σοονς
281 3441 315 3493 με
334 3423 360 3476 R
432 3429 466 3476 20
489 3415 598 3474 τούτων
617 3417 732 3472 seclum
745 3416 888 3486 K1essl1ng
960 3411 1031 3470 21
1015 3436 1052 3480 ως

49 3490 90 3560 μὲν
76 3497 151 3552 νΒει
224 3499 259 3550 26
278 3492 433 3565 διδομένην
452 3509 507 3549 om.
525 3493 572 3546 Ba
