2408 3928
142 233 238 297 214·
566 234 732 288 -B-

141 420 217 462 τιον
239 395 295 462 καὶ
318 391 396 473 τοὺς
419 391 484 461 σύν
508 395 624 484 ἐκείνω
644 397 811 472 νικῶντας
834 391 993 478 ἐγεγόνει.
1034 397 1143 481 χρόνον

143 499 205 586 μὲν
234 492 297 569 οὖν
324 527 401 569 τινα
435 503 470 568 οί
491 505 638 586 Σαβῖνοι
662 500 840 589 δεξάμενοι
870 497 950 580 τούς
973 497 1177 587 Ῥωμαίουςιει

143 612 302 696 λαμπρῶς
348 606 575 694 ἠγωνίσαντο,
623 613 734 677 ἔπειτα
774 611 911 677 πολλῶν
953 605 1004 676 ἐπ’
1039 602 1145 684 αὐτοὺς

144 714 334 784 συνιόντων
358 713 533 784 ἐνέκλινάν
556 716 667 783 τεκαὶ
686 717 847 797 διέσωζον
872 711 1013 793 ἑαυτοὺς
1031 713 1083 782 έπί
1098 710 1146 780 τὸν

105 851 117 890 5
145 822 288 911 χάρακα,
311 820 440 908 πολλὴν
463 825 525 891 τοῦ
553 828 728 910 Κουρτίου
750 824 956 909 παρέχοντος
979 819 1091 900 αὐτοῖς
1110 824 1147 897 είς

143 927 180 996 τὸ
210 928 255 1016 μὴ
285 929 469 998 διώκεσθαι
495 932 758 1017 τεταραγμένως,
782 927 867 997 ἀλλὰ
894 928 1005 1015 βόδην
1034 925 1147 1014 ἀποχω-

104 1040 218 1122 5ρεῑν
247 1033 444 1122 ἀσφάλειαν.
491 1033 591 1116 αὐτὸς
622 1033 686 1124 χδιρ
720 1034 862 1122 εἱστήκει
891 1034 1080 1123 μαχόμενος
1104 1035 1148 1102 καὶ

143 1139 204 1211 τὸν
223 1140 396 1230 Ῥωμύλον
420 1143 558 1213 ἐπιόντα
576 1146 718 1231 ἐδέχετο,
741 1148 875 1230 γίνεταί
892 1169 928 1211 τε
950 1146 1022 1211 τῶν
1044 1140 1148 1229 ἡγεμό-

145 1275 217 1316 νων
245 1248 358 1319 αύτιόν
391 1251 634 1339 συμπεσόντων
664 1249 822 1337 ἀλλήλοις
850 1253 953 1338 μέγας
979 1251 1037 1318 καὶ
1063 1247 1149 1327 καλὸς

104 1378 133 1418 10
147 1352 249 1439 ἄγων.
292 1359 424 1445 ἔξαιμος
448 1358 486 1426 δέ
509 1354 557 1426 τόν
581 1356 647 1444 ήδη
671 1359 727 1425 καὶ
749 1355 933 1444 καταβελὴς
955 1354 974 1425 δ
994 1355 1150 1442 Κούρτιος

143 1460 243 1552 ύπήει
265 1463 337 1532 κατ’
364 1463 497 1551 ὀλίγον,
520 1467 576 1534 καὶ
600 1463 705 1534 αὐτὸν
728 1467 764 1533 ένι
788 1469 858 1532 τῶν
881 1463 1024 1533 κατόπιν
1048 1461 1151 1532 ὑπεδέ-

144 1597 218 1657 χετο
249 1577 349 1658 λίμνη
378 1577 517 1657 βαθεῖα,
547 1568 591 1658 ήν
618 1580 811 1660 περιελθεῖν
845 1570 907 1658 μὲν
940 1567 1088 1660 χαλεπὸν
1116 1561 1150 1654 ήν

144 1680 414 1765 περικεχυμένων
446 1679 661 1766 πανταχόθεν
693 1683 763 1748 τῶν
792 1683 978 1765 πολεμίων,
1012 1681 1150 1746 διελθεῖν

146 1783 183 1850 δὲ
206 1782 272 1852 ὑπό
296 1813 331 1854 τε
356 1785 449 1866 ίλύος
471 1789 640 1874 πλήθους,
671 1783 715 1872 ἣν
737 1784 778 1855 τὰ
801 1789 895 1872 πέριξ
918 1789 1063 1872 τέλματα
1086 1783 1151 1871 εἶχε,

106 1920 131 1959 15
145 1891 201 1958 καὶ
224 1891 357 1976 βάθους
378 1891 502 1973 ὕδατος
520 1897 581 1961 τοῦ
599 1891 682 1961 κατὰ
701 1895 807 1979 μέσην
829 1891 936 1980 αὐτήν
954 1896 1152 1969 συνεστῶτος

105 2006 125 2066 6
145 1995 284 2085 δίπορον,
317 1998 420 2087 ταύτη
440 1998 626 2130 πλησιύσμς
648 2004 786 2085 ἔρριψεν
805 1998 926 2068 ἑαυτὸν
945 2003 994 2078 είς
1016 1998 1055 2068 τὸ
1073 2003 1152 2086 νᾶμα

145 2104 209 2174 σύν
239 2121 310 2185 τοῖς
338 2104 470 2192 ὅπλοις,
498 2102 601 2175 καὶὸ
620 2104 840 2192 Ρωμύλος“
818 2134 863 2185 ως
893 2104 1014 2175 αὐτίκα
1037 2105 1151 2193 δήτοῦ

144 2211 271 2299 ἀνδρὸς
309 2216 347 2280 ἐν
388 2217 427 2301 τῇ
468 2217 569 2301 λίμνη
613 2216 940 2344 διαφθαρησομένου
985 2210 1114 2303 (καὶ”
1092 2239 1152 2299 αμα

145 2312 361 2389 ἀδύνατον
340 2347 384 2407 ην
407 2318 491 2402 κατὰ
514 2320 674 2449 τέλμμτός
700 2347 736 2389 τε
760 2319 865 2389 αὐτόν
888 2310 944 2388 καὶ
966 2319 1015 2389 δι’
1040 2318 1152 2396 ὕδατος

107 2456 133 2495 20
147 2431 275 2495 πολλού
300 2426 450 2516 διώκειν)
475 2428 527 2495 ἐπὶ
550 2454 629 2506 τους
651 2426 777 2507 ἄλλους
800 2433 976 2514 Σαβίνους
992 2429 1148 2514 τρέπεται·
1153 2443 1189 2492 ιιι

146 2531 163 2600 ὁ
191 2534 229 2602 δὲ
243 2533 412 2622 Κούρτιος
433 2531 541 2601 πολλὰ
559 2533 734 2620 μοχθήσας
756 2533 821 2602 σὺν
840 2534 952 2626 χρόνῳ
972 2533 1108 2616 σώζεταί
1122 2557 1152 2599 τε

146 2641 181 2706 ἐκ
204 2643 263 2726 της
286 2644 406 2726 λίμνης
428 2638 468 2707 τὰ
488 2638 574 2707 ὅπλα
597 2645 682 2726 έχων
704 2641 760 2708 καί
784 2645 831 2720 είς
848 2639 909 2709 τὸν
929 2639 1058 2729 χάρακα
1077 2637 1152 2706 νἰπό-

146 2771 247 2832 ηεται.
290 2735 389 2824 οὗτος
412 2743 430 2814 ὁ
453 2746 555 2825 τόπος
578 2744 807 2833 ἀνακέχωσται
830 2748 892 2834 μὲν
915 2745 993 2834 ήδη,
1016 2754 1151 2815 καλεῖται

148 2849 180 2918 δ’
206 2852 240 2932 έξ
264 2853 395 2920 ἐκείνου
422 2857 483 2921 τού
510 2852 645 2932 πάθους
672 2852 841 2941 Κούρτιος
869 2853 991 2934 λύιαιος
1013 2855 1050 2922 έν
1072 2854 1151 2941 μέσω

106 2986 132 3043 ιτ
146 2957 290 3045 μάλιστα
313 2953 361 3026 ὢν
384 2962 443 3046 τής
461 2956 642 3046 Ῥωμαίων
658 2957 792 3047 ἀγορᾶς.
1098 2997 1105 3016 ·

235 3068 420 3135 ΧΧΧΧΠΙ.
447 3063 616 3154 Ῥωμύλος
639 3067 677 3134 δὲ
698 3063 778 3146 τοὺς
805 3065 930 3147 ἄλλους
953 3067 1085 3136 διόπων
1106 3068 1149 3151 έχ-

219 3297 513 3384 6τεταροημένοιςο
539 3314 607 3352 corr
633 3296 760 3384 Sylburg
780 3293 824 3365 Ι
809 3305 971 3368 υποχωρείν
997 3317 1021 3356 ο.
1042 3299 1150 3386 Sylburg

146 3363 299 3452 8έδέχετρ
318 3368 364 3421 Bb
392 3366 506 3447 δέχεται
530 3368 605 3420 ΑΒκ
683 3374 716 3422 10
727 3363 798 3452 ήδη
821 3369 870 3424 καί
894 3363 1095 3457 καταβελὴς
1075 3389 1111 3425 ων
1131 3366 1149 3418 Β

149 3443 183 3488 14
201 3433 314 3520 πληθύς
331 3437 357 3490 A
380 3437 434 3490 del.
453 3435 557 3490 Reiske
645 3442 678 3491 15
698 3433 834 3506 βαθοςΑ
920 3447 953 3496 16
973 3437 1064 3496 αύτδν
1086 3439 1150 3494 ABa

151 3501 221 3558 18*
202 3526 263 3574 αμα
283 3503 345 3560 έπελ
363 3500 508 3560 αδύνατον
526 3507 552 3559 R
571 3502 634 3560 ἐπεὶ
653 3524 707 3562 om.
726 3509 749 3562 B
823 3517 856 3566 21
876 3533 906 3568 τε
925 3513 948 3566 Β
968 3529 1023 3569 om.
1042 3515 1067 3568 R
