2408 3928
474 249 642 300 -Γ-
784 341 790 352 ⁸
999 242 1064 310 277

138 406 195 474 VI.
229 401 430 475 Οὐιεντανοὶ
456 406 513 474 καί
543 409 726 492 Φιδηναῖοι
754 404 899 494 μεγάλας
927 407 984 474 καὶ
1006 431 1065 476 πο-

57 512 296 601 λυανθρώπους
328 518 460 601 ἔχοντες
490 512 605 594 πόλεις
637 514 690 582 ἐπὶ
721 511 784 601 μὲν
810 516 869 602 τῆς
891 510 1066 601 Ῥωμύλου

57 625 218 706 βασιλείας
249 625 298 702 εἰς
333 619 481 710 πόλεμον
517 619 602 710 ὑπὲρ
634 619 738 710 ἀρχῆς
772 619 829 688 καὶ
866 622 1065 701 δυναστείας

54 723 218 815 Ῥωμαίοις
234 730 454 816 κατέστησαν,
472 730 509 797 ἐν
528 719 556 822 ςό
573 725 702 807 πολλάς
719 726 943 808 ἀπολέσαντες
961 726 1064 798 δυνά-

59 861 119 921 μεις
153 832 341 924 ἀμφότεροι
376 837 433 904 καί
474 834 584 925 χάρας
620 833 804 928 ἀποδασμῷ
841 836 1092 923 ζημιωθέντεςε

58 939 188 1029 ὑπήκοοι
220 956 292 1023 τοῖς
322 941 565 1030 κεκρατηκόσιν
595 941 863 1031 ἠναγκάσθησαν
894 941 1065 1029 γενέσθαι.

19 1049 126 1135 ιιιπερὶ
143 1041 193 1117 ὧν
217 1051 256 1117 ἐν
278 1052 319 1138 τῇ
342 1047 407 1137 πρὸ
430 1048 553 1136 ταύτης
577 1048 751 1137 δεδήλωκα
773 1052 888 1138 γραφῇ
910 1046 948 1117 τό
973 1046 1064 1136 ἀκρι-

60 1155 114 1240 βές·
136 1155 189 1224 ἐπὶ
214 1155 253 1223 δέ
276 1159 336 1244 τῆς
358 1155 461 1243 Νόμα
484 1161 678 1244 Πομπιλίου
708 1160 907 1236 δυναστείας
929 1154 1065 1244 εἰρήνης

62 1259 297 1344 ἀπολαύσαντες
332 1267 475 1350 βεβαίου
514 1263 644 1351 πολλὴν
686 1269 785 1352 ἔσχον
827 1266 981 1333 ἐπίδοσιν
1018 1266 1065 1343 εἰς

62 1364 232 1457 εὐανδρίαν
263 1397 299 1440 τε
330 1371 387 1440 καὶ
418 1374 566 1440 πλούτον
597 1371 654 1439 καί
680 1369 743 1458 τὴν
770 1369 877 1459 ἀλλην
910 1367 1064 1457 εύδαιμο-
1078 1391 1104 1432 ιο

59 1479 132 1545 νίαν.
173 1475 311 1556 τούτοις
330 1477 373 1564 δὴ
396 1489 467 1558 τοῖς
485 1475 631 1564 ἀγαθοῖς
649 1479 853 1568 ἐπαρθέντες
871 1479 1067 1565 ἐλευθερίας

56 1607 84 1648 τε
104 1575 205 1664 αὖθις
228 1581 398 1671 ὠρέγοντο
421 1585 478 1652 καί
500 1583 661 1673 φρόνημα
688 1583 880 1673 ἐλάμβανον
904 1582 1065 1671 ὑψηλότε-

56 1713 108 1773 ρον
135 1689 430 1779 παρασκευάζοντό
462 1717 498 1762 τε
526 1688 573 1772 ὦς
600 1689 711 1761 ούκέτι
733 1689 907 1780 Ῥωμαίων
937 1688 1065 1778 ἀκροά-

55 1821 148 1880 μενοι.
198 1799 283 1878 τέως
310 1798 373 1886 μέν
402 1790 466 1867 οὖν
494 1796 621 1886 ἀδηλος
652 1796 766 1868 αὐτῶν
791 1795 813 1886 ἡ
843 1797 978 1866 διάνοια
1006 1791 1103 1884 τῆς2

54 1898 259 1985 ἀποστάσεως
281 1895 336 1992 ἦν,
359 1905 397 1972 ἐν
422 1903 460 1972 δὲ
481 1906 528 1996 τῷ
551 1901 635 1994 πρὸς
654 1903 839 1992 Ἀλβανούς
861 1903 1063 1993 ἐφανερώθη
1079 1923 1105 1965 1⁵

55 2011 186 2103 πολέμφ.
247 2008 293 2091 ὦς
328 2009 394 2100 γάρ
436 2010 606 2086 ἐπύθοντο
643 2015 851 2101 πανστρατιᾷ
882 2008 1067 2097 Ῥωμαίους

55 2117 288 2204 ἐξεληλυθότας
320 2119 373 2186 έπί
405 2116 466 2187 τόν
497 2116 582 2207 πρὸς
607 2116 792 2206 Ἀλβανούς
824 2116 957 2205 ἀγῶνα,
989 2116 1066 2204 κρά-

54 2242 156 2292 τιστον
179 2221 411 2311 ὑπολαβόντες
429 2226 605 2313 εἰληφέναι
622 2223 742 2314 καιρὸν
761 2224 944 2304 ἐπιθέσεως
962 2221 1065 2311 ἀπορ-

55 2329 165 2416 ρήτους
203 2331 408 2418 ἐποιήσαντο
446 2330 505 2400 διά
540 2335 609 2401 τῶν
647 2330 894 2400 δυνατωτάτων
926 2328 1065 2418 ἀνδρῶν

55 2444 262 2527 συνωμοσίας
285 2436 435 2520 ἅπαντας
452 2440 531 2522 τούς
554 2436 760 2529 ὁπλοφορεῖν
782 2439 996 2525 δυναμένους
1018 2439 1105 2516 εἰςιν

57 2544 202 2633 Φιδήνην
232 2552 415 2614 συνελθεῖν
443 2544 557 2636 κρύφα
585 2545 642 2613 καὶ
672 2542 744 2614 κατ’
771 2542 907 2631 ὀλίγους
939 2541 1065 2630 ἰόντας,

55 2646 91 2730 ύς
116 2647 159 2720 ἀν
188 2649 309 2739 ἥκιστα
336 2651 491 2738 γένοιντο
524 2663 595 2730 τοῖς
624 2651 940 2739 ἐπιβουλευομένοις
966 2675 1065 2718 κατα-

55 2773 178 2840 φανεῖς’
211 2760 281 2827 ἐκεῖ
308 2756 340 2826 δ’
365 2755 599 2845 ὑπομένοντας
625 2758 821 2846 ἐκδέχεσθαι
848 2754 909 2826 τὸν
933 2751 1104 2846 καιρόν,3

55 2859 101 2932 ότε
122 2867 159 2933 αί
175 2863 352 2951 Ῥωμαίων
370 2889 406 2934 τε
423 2866 481 2933 καί
496 2862 668 2952 Ἀλβανῶν
688 2863 851 2952 δυνάμεις
870 2866 1066 2954 ἐκλιποῦσαι

55 2969 122 3052 τοὺς
144 2971 293 3060 χάρακας
316 2971 370 3040 ἐπὶ
397 2970 457 3039 τὸν
487 2968 603 3059 ἀγῶνα
626 2970 903 3060 προελεύσονται,
928 2972 1064 3062 (τούτου
1079 2990 1105 3032 ²⁵

57 3076 87 3144 δὲ
107 3077 259 3169 φανερὸν
282 3091 393 3148 ποιεῖν
416 3074 530 3158 αύτοῖς
549 3082 689 3165 ἔμελλον
710 3077 767 3147 διόι
786 3079 969 3167 συμβόλων
988 3098 1065 3147 σκο-

117 3247 131 3295 1
156 3242 309 3310 φηδιναιοι
330 3238 376 3294 Ba
427 3239 473 3293 ειδ
491 3243 569 3293 ναιοι
591 3238 637 3294 Bb
714 3235 924 3310 δάποδασμῶν
942 3233 1012 3292 B’
994 3257 1065 3294 απο·

57 3307 153 3394 δασμόν
162 3310 294 3367 Meineke
350 3257 528 3380 Ἰτιικριβδςθ
584 3315 618 3364 10
633 3303 741 3381 εύανδρ
743 3259 924 3366 είανΒεμων
910 3305 977 3363 13’
956 3328 1065 3434 αιιροα-

58 3375 83 3433 σό
86 3399 161 3450 μενοι
183 3401 207 3439 ο.
230 3380 361 3437 Hertloin
387 3379 460 3449 1.1.‚
490 3379 579 3436 Cobet
601 3381 620 3434 l.
639 3381 658 3435 1.
725 3330 777 3436 ⁰1⁷
802 3376 868 3436 ίπελ
870 3376 1064 3467 ηλυθόταςΟ

59 3465 116 3510 οοει·
132 3454 235 3510 Reiske
298 3458 335 3508 20
352 3421 502 3514 πάνταςΟ
572 3457 606 3506 21
626 3446 753 3538 φιδήυην
770 3451 816 3505 Ba
834 3399 976 3519 φειδήνην
993 3449 1062 3520 Bb!

59 3519 184 3589 είςιοντοις
202 3542 225 3580 ο
240 3521 385 3592 Kiessling
456 3527 491 3576 26
509 3527 604 3578 ποιεῖν
622 3516 720 3585 αὐτοῖς
736 3521 760 3575 Β
778 3516 878 3584 αύτοις
895 3537 924 3574 π.
943 3521 969 3574 R
