2404 3918
151 224 218 289 354
574 253 609 264 -
646 227 741 278 r..
1168 206 1171 307 η

152 384 205 454 ἐπὶ
237 382 298 455 τόν
334 382 462 474 χάρακα
498 387 566 453 τῷν
602 388 772 470 πολεμίων
807 379 1014 468 ἀφικόμενος
1045 373 1141 463 ὀλίγην
1172 367 1183 384 ”

152 497 272 580 ἔχοντα
299 488 455 579 φυλακὴν
482 488 729 577 καταλαμβάνει
760 486 799 556 τὸ
828 493 933 575 ἐρνμα
962 488 998 568 ἐξ
1028 483 1143 572 ἐφόόυυ,

155 598 346 687 Ταρκύνιον
370 597 408 666 δὲ
426 596 505 678 τοὺς
528 601 637 676 ίππεῑς
659 594 785 683 άγοντα
808 596 861 663 ἐπὶ
879 592 957 674 τοὺς
983 593 1021 660 ἐν
1042 613 1143 678 προνο-

112 707 230 792 5μαῐς
266 707 530 793 ἐσκεδασμένους
566 706 758 791 ἐπεῷεσθαι
800 703 936 771 ἐκέλευε.
999 697 1145 787 μαθόντες

125 811 190 884 5όέ
223 815 258 881 ολ
282 818 429 899 Σαβίνου
460 810 523 899 τὴν
555 814 658 879 λ’ππον
690 814 759 878 τῷν
786 807 959 896 Ῥωμαίων
994 805 1048 875 ἐπὶ
1077 807 1145 889 σφᾶς

152 919 363 988 ἐλαύνουσαν
391 917 533 1007 ἀφέντες
561 917 623 1006 τὴν
655 922 750 986 λείαν
779 918 835 984 καί
863 913 922 995 τὰς
949 912 1054 992 ἄλλας
1076 909 1172 996 όφευυῑ

151 1031 256 1112 λείας,
289 1023 371 1106 ὅσας
402 1025 526 1114 ἔφερόν
556 1051 593 1094 τε
621 1025 678 1093 καί
707 1016 808 1112 ἦγον,
840 1028 989 1110 ἔφευγον
1023 1020 1074 1088 ἐπὶ
1100 1015 1144 1085 τὸν

151 1132 292 1222 χάρακα·
325 1130 371 1212 ὡς
403 1131 440 1200 δέ
472 1130 629 1201 κάκεϊυον
663 1137 816 1219 ἔγνωσαν
847 1129 1073 1218 κατεχόμενον
1097 1121 1144 1192 ὑπὸ

150 1243 220 1309 τῷν
250 1242 372 1325 πεζῶν,
409 1237 615 1327 ἀποροῦντες
643 1236 721 1307 ὅποι
756 1236 937 1324 τράποιντο
968 1235 1142 1304 συνέτειναν

112 1373 138 1414 ιο
152 1350 200 1427 είς
222 1345 305 1427 ὕλας
326 1372 362 1414 τε
384 1347 440 1414 καὶ
464 1343 535 1434 όρη.
582 1344 784 1433 διωκόμενοι
811 1343 850 1413 δέ
872 1339 937 1410 ὑπὸ
964 1347 1037 1410 τῷν
1059 1340 1141 1422 ψιλόν

150 1455 204 1522 καὶ
235 1457 303 1523 τῷν
334 1455 461 1523 ίππέων
492 1450 602 1540 ὀλίγοι
631 1454 694 1540 μέν
723 1478 813 1532 τινες
842 1447 1045 1537 ἐστάθησαν,
1071 1449 1099 1514 οί
1113 1442 1136 1508 ίί

150 1564 286 1640 πλείους
309 1559 557 1648 διεφθάρησαν.
606 1561 662 1628 καὶ
685 1557 765 1646 μετά
792 1556 855 1645 τὴν
884 1553 1069 1644 συμφοράν
1088 1547 1132 1620 τά

150 1691 212 1752 την
240 1665 528 1755 πρεσβευσάμενοι
559 1664 661 1733 πάλιν
694 1669 742 1746 είς
764 1662 895 1752 Ῥώμην
925 1664 1066 1752 εἰρήνης
1089 1683 1140 1742 κνη-

151 1771 316 1860 χάνουσιν
345 1775 418 1853 οἵας
446 1771 637 1858 ἐβούλοντο.
687 1776 735 1840 ἔτι
762 1768 827 1860 γάρ
855 1769 873 1840 ὁ
901 1769 987 1857 πρὸς
1014 1768 1072 1848 τάς
1095 1771 1142 1832 Λυ-

112 1905 138 1946 υυ
151 1885 256 1948 τίνων
296 1879 409 1960 πόλεις
449 1872 661 1964 συνεστηκός
700 1891 772 1957 τοῖς
806 1875 1002 1965 Ῥωμαίοις
1026 1873 1145 1957 πόλεμος

150 1983 335 2074 άναγκαίας
358 1989 463 2056 ἐποίει
485 1983 544 2066 τάς
565 1983 649 2073 πρὸς
674 1983 754 2066 τοὺς
776 1983 900 2065 ἄλλους
918 1980 1065 2071 ἐχθροὺς
1085 1975 1143 2045 άυυ-

151 2092 212 2179 ηάς
233 2119 268 2160 τε
291 2093 346 2162 καὶ
370 2091 548 2172 διαλύσεις.

161 2298 164 2301 ἱ
239 2201 387 2269 XXXXI.
428 2198 579 2290 Τετάρτφ
614 2198 652 2268 δὲ
683 2199 826 2286 μάλιστα
857 2195 937 2286 μετά
971 2196 1072 2266 τόνδε
1099 2188 1144 2259 τὸυ

150 2304 299 2392 πόλεμον
328 2307 469 2398 ἐνιαυτῷ
493 2305 649 2394 Μάρκιος
677 2302 694 2374 ὁ
724 2309 792 2372 τῶν
811 2301 996 2392 Ῥωμαίων
1009 2293 1146 2390 βασιλεὺς

110 2438 136 2478 ιο
149 2411 211 2499 τήν
235 2437 270 2480 τε
292 2410 467 2499 πολιτικὴν
492 2411 640 2500 δύναμιν
668 2411 762 2498 άγων
785 2412 841 2479 καὶ
867 2409 929 2499 την
953 2401 1145 2500 συμμαχικὴν

149 2517 446 2607 μεταπεμψάμενος
474 2516 560 2606 ὅσην
589 2518 731 2588 ἐδύνατο
758 2522 917 2605 πλείστην
946 2517 1146 2604 ἐστράτευσεν

149 2627 202 2694 ἐπὶ
228 2623 456 2706 Οὐιεντανοὺς
476 2626 534 2693 καὶ
556 2623 686 2712 πολλὴν
712 2629 771 2712 τῆς
792 2624 902 2713 ηιόρας
924 2617 1145 2708 αότῷνέόηά·

149 2750 217 2800 σεν.
267 2734 391 2801 ἐκεῖνοι
420 2729 453 2799 δ’
478 2729 623 2821 ἤρξαντο
653 2733 794 2823 ἐνιαυτῷ
822 2733 989 2820 πρότερον
1019 2736 1066 2810 είς
1090 2721 1175 2810 τίηίόίῧ

145 2835 318 2924 Ῥωμαίων
350 2841 416 2926 γῆν
449 2837 650 2926 ἐμβαλόντες
681 2837 737 2906 καί
768 2835 893 2918 πολλάς
924 2837 986 2925 μὲν
1014 2828 1144 2924 ἁρπαγὰς

108 2969 134 3012 ευ
151 2944 341 3034 χρημάτων,
364 2943 473 3014 πολὺν
497 2943 535 3012 δέ
558 2942 753 3033 άνθρυόπυυν
781 2942 929 3033 ὄλεθρον
952 2942 1141 3031 ποιήσαντεςΙ

219 3150 235 3199 3
251 3142 357 3204 ίππυυς
371 3139 394 3196 Ο
409 3157 478 3198 corr.
493 3139 635 3211 Kiessling
690 3147 705 3195 λ
722 3135 859 3210 ἐφέροντο
878 3140 927 3195 καλ
940 3142 966 3196 A
1020 3147 1036 3196 9
1051 3135 1100 3210 ὅπη
1111 3129 1141 3198 Βί

148 3213 314 3271 συνέτειναν
332 3212 358 3266 R
376 3211 539 3268 συνέτεινον
556 3211 579 3265 Β
650 3217 681 3266 11
702 3209 732 3266 οί
748 3209 781 3268 δέ
799 3209 914 3275 πλείους
935 3213 958 3266 Β
977 3209 1008 3266 οἷ
1022 3215 1065 3266 πλ.
1082 3201 1141 3264 όέΒ

149 3293 183 3340 14
203 3281 253 3355 ἐφ’
273 3282 316 3348 οἷς
339 3301 362 3338 υ.
382 3283 520 3338 Βῠολυελοτ
590 3288 625 3337 20
644 3283 694 3350 τῆς
713 3283 889 3354 σνμμαχικ”ς
913 3299 936 3338 υ.
961 3281 1079 3338 Sintenis
1094 3278 1139 3333 Em

148 3355 229 3410 Dion.
248 3355 276 3408 II
298 3371 326 3422 p.
347 3359 395 3420 11,
420 3349 472 3422 τὴν
497 3351 551 3407 del.
575 3353 712 3409 Bfioheler
794 3360 827 3408 23
850 3353 940 3424 ηρξατ
963 3355 1002 3409 τῷ
1026 3349 1138 3422 πρότεροι

150 3421 271 3508 ἐνιαυτῷ
292 3439 314 3476 υ.
330 3423 420 3508 ῦοληθλ
435 3423 500 3477 Obs.
515 3440 542 3490 p.
560 3429 593 3477 69
658 3429 693 3478 24
711 3424 763 3511 μὲν
781 3423 804 3477 Β
822 3441 876 3490 οφ.
895 3424 921 3478 R
984 3409 1022 3480 '25
1041 3421 1139 3488 ὄλεθροι

149 3496 314 3561 ανθρυιπαν
332 3493 355 3544 Β
374 3488 536 3561 ανθρώπων
555 3487 596 3547 ὅλ.
614 3492 640 3545 R
658 3497 773 3564 φθορον
791 3489 818 3550 ά.
838 3495 980 3566 Kiessling
