2396 3918
454 245 621 298 -A-
1004 241 1045 307 91

38 408 71 473 ἐν
92 409 138 497 τῷ
160 405 305 496 παρόντι
328 402 526 492 καταγωγὴν
550 409 689 474 ἔσεσθαι
712 419 784 484 τοῖς
810 409 939 492 Τρωσί·
967 400 1048 490 μετὰ

39 511 72 579 δὲ
92 511 276 593 τοσούτους
303 509 480 592 ἐνιαυτοὺς
507 509 612 592 ὅσους
634 507 677 580 άυ
705 509 726 599 ἡ
749 503 790 591 ὗς
811 512 889 600 τέκη
912 515 1049 598 χοίρους

38 617 276 706 κτισθήσεσθαι
298 617 382 706 πρὸς
399 623 469 687 τῶν
488 621 521 700 ἐξ
540 620 673 688 ἐκείνου
689 619 928 704 γενησομένων
947 616 1048 686 πόλιν

39 728 147 814 ἑτέραν
176 724 363 813 εὐδαίμονα
389 726 446 794 καὶ
468 724 627 812 μεγάλην.
664 723 821 813 μαθόντα
844 723 882 793 δὲ
903 721 965 793 τὸν
989 727 1048 791 Αί-

39 838 124 900 νείαν
146 833 206 900 καί
220 838 408 921 νομίσαντα
423 831 605 920 δαιμόνιόν
619 858 652 900 τι
673 829 711 900 τὸ
726 835 836 919 χρῆμα
859 833 1049 918 τῆςφωνῆς
1063 847 1077 888 ⁶

41 937 115 1006 εἶναι
137 953 252 1008 ποιεῖν
277 937 321 1020 ὡς
343 938 362 1008 ὁ
385 938 467 1020 θεὸς
490 941 651 1008 ἐκέλευεν.
697 940 804 1026 ἕτεροι
829 937 867 1006 δὲ
889 939 1049 1024 λέγουσιν
1068 938 1090 1004 5

45 1043 263 1133 ἀδημονοῦντι
290 1050 337 1138 τῷ
371 1044 472 1133 άνδρδ
503 1046 560 1114 καὶ
589 1044 761 1133 παρεικότι
791 1043 829 1113 τὸ
861 1047 957 1132 σῶμα
983 1040 1049 1111 ὑπὸ

47 1152 134 1240 λόπης
160 1154 220 1221 καὶ
250 1151 327 1222 οότε
356 1154 409 1221 ἐπὶ
435 1151 474 1221 τὸ
502 1151 731 1240 στρατόπεδον
758 1150 942 1238 καταβάντι
972 1149 1050 1219 οὕτε

43 1273 105 1328 σῖτα
124 1262 439 1351 προσενεγκαμένῳ,
462 1257 568 1328 αὐτοῦ
592 1258 631 1328 δὲ
645 1254 690 1340 ὡς
712 1265 828 1346 ἔτυχεν
851 1255 1050 1326 αὐλισθέντι

38 1365 91 1452 τὴν
110 1366 208 1436 νύκτ’
231 1369 375 1454 ἐκείνην,
398 1369 572 1454 ἐπιστῆναι
587 1365 737 1454 μεγάλην
756 1363 833 1434 τινὰ
846 1365 904 1433 καί
916 1374 1049 1452 θαυμα-
1065 1393 1091 1433 ιο

38 1472 110 1560 στὴν
132 1477 303 1544 ἐνυπνίου
324 1477 393 1542 τῶν
417 1477 512 1542 θεῶν
535 1500 604 1543 τινι
626 1478 696 1541 τῶν
709 1477 860 1562 πατρίων
884 1476 1050 1540 εἰκασθεί-

37 1599 92 1648 σαν
115 1579 200 1662 όψιν
224 1578 264 1650 τά
287 1581 452 1667 λεχθέντα
475 1583 581 1672 μικρῷ
595 1579 762 1668 πρότερον
784 1576 1051 1667 ὑποτιθεμένην·

37 1685 201 1777 ὁποτέρως
233 1687 272 1756 δέ
302 1685 448 1774 τάληθὲς
479 1691 546 1774 ἔχει
577 1695 673 1766 θεοῖς
709 1681 752 1754 άν
784 1695 835 1773 είη
868 1685 1050 1773 γνώριμον.

37 1798 71 1882 τῇ
102 1793 134 1862 δ’
170 1796 245 1882 ἑξῆς
275 1791 382 1884 ἡμέρᾳ
413 1792 594 1882 τριάκοντα
625 1795 755 1880 λέγεται
790 1797 927 1881 χοίρους
956 1790 979 1881 ἡ
1011 1785 1052 1874 ὗς

37 1903 194 1988 ἐκτεκεῖν,
222 1902 278 1970 καί
304 1900 480 1982 τοσούτοις
511 1903 679 1981 ἐνιαυτοῖς
709 1898 853 1987 ὕστερον
885 1899 950 1970 ὑπὸ
982 1905 1050 1970 τῶν
1066 1922 1091 1964 ιο

8 2007 179 2094 ,αΤρόαν-
196 2009 293 2096 ἑτέρα
324 2013 506 2096 κτισθῆναι
538 2007 636 2088 πόλις
670 2006 754 2076 κατὰ
789 2007 827 2076 τὸ
864 2010 1051 2095 θέσφατον,

36 2112 110 2202 ὑπὲρ
134 2107 181 2202 ἧς
204 2117 241 2184 ἐν
265 2117 354 2208 <τῷ>
379 2121 490 2208 οίκείςο
512 2114 603 2206 τόπῳ
629 2116 830 2201 διαλέξομαι.

91 2223 200 2290 LVIL
232 2226 372 2300 Αἰνείας
396 2221 434 2290 δὲ
456 2225 515 2308 τῆς
537 2221 600 2308 μὲν
623 2219 684 2301 ὑὸς
711 2218 772 2289 τὸν
795 2218 897 2288 τόκον
920 2217 989 2306 ἅμα
1011 2224 1051 2308 τῇ

36 2329 213 2416 γειναμένη
243 2342 316 2408 τοῖς
343 2327 512 2419 πατρῴοις
540 2325 644 2414 ἁγίζει
673 2335 770 2405 θεοῖς
799 2327 837 2394 ἐν
863 2329 910 2416 τῷ
939 2330 1051 2416 χωρίῳ

8 2443 9 2450 ’
36 2433 120 2525 τῷδ’,
145 2425 191 2503 οὗ
213 2438 281 2503 νῦν
307 2438 399 2504 ἐστιν
422 2433 442 2522 η
467 2434 595 2519 καλιάς,
617 2433 674 2501 καὶ
697 2431 804 2519 αὐτὴν
820 2436 854 2501 οί
868 2429 1051 2499 Λαουινιά-
1065 2463 1093 2502 εο

38 2567 80 2608 ται
102 2556 180 2622 τοῖς
201 2540 318 2621 άλλοις
340 2540 468 2629 άβατον
490 2540 718 2629 φυλάττοντες
741 2537 836 2627 ίεράν
859 2544 1050 2625 νομίξουσι·

38 2663 96 2728 τοῖς
125 2648 168 2716 δὲ
194 2649 306 2734 Τρωσὶ
335 2651 701 2737 μεταστρατοπεδεῦσαι
728 2645 888 2726 κελεύσας
914 2646 967 2714 ἐπί
989 2643 1050 2714 τὸν

39 2753 139 2841 λόφον
166 2754 318 2842 ίδράεται
340 2754 381 2823 τά
406 2758 465 2843 ἕδη
487 2760 556 2824 τῶν
570 2758 664 2823 θεῶν
683 2756 720 2822 ἐν
743 2757 789 2845 τῷ
813 2758 977 2844 κρατίστῳ
995 2753 1051 2820 καὶ

8 2907 9 2962 ÷
40 2860 149 2930 αὐτίκα
176 2861 255 2949 περὶ
281 2860 345 2948 τὴν
377 2861 587 2949 κατασκευὴν
615 2864 685 2930 τοῦ·
706 2865 910 2948 πολίσματος
939 2857 1050 2948 άπάση

8 3043 9 3080 1
99 3017 291 3093 ὂδαιμόνιόν
309 3043 336 3077 τι
355 3024 511 3093 νομίσαντα
525 3023 551 3077 R
566 3024 571 3092 Ι
587 3017 619 3077 τὸ
638 3021 849 3088 add.Bficther
904 3021 1052 3088 δποιῆσαι

8 3097 10 3160 ξ
42 3107 59 3144 ο.
70 3093 174 3148 Reiske
233 3099 250 3150 8
270 3089 319 3149 ἐπί
335 3089 367 3149 τὸ
388 3089 580 3162 στρατόπεδον
595 3093 673 3162 (Db)
684 3093 821 3146 Biicheler
840 3087 888 3147 ἐπὶ
901 3091 951 3146 τοῦ
970 3109 1051 3160 στρα-

8 3175 9 3192 ³
43 3164 155 3220 ιοπὲδον
174 3165 196 3218 Β
214 3161 272 3220 ὑπὸ
291 3166 342 3219 τοῦ
362 3164 555 3234 στρατοπέδου
571 3167 596 3219 Α
662 3171 695 3218 10
714 3161 871 3218 *νόκταΟ
938 3169 970 3217 13
986 3158 1052 3216 ὁπο·

8 3245 10 3312 η
43 3233 127 3303 τέρυις
146 3236 172 3290 Β
244 3241 278 3291 15
296 3237 395 3291 τάνΒ
418 3253 473 3292 om.
495 3235 522 3289 R
595 3242 626 3291 17
647 3236 684 3309 τῷ
709 3236 774 3290 αδδ.
789 3234 962 3304 Grasberger
975 3233 1051 3319 [Pesla.

44 3303 146 3378 Herbip.
166 3326 193 3377 p.
213 3314 246 3363 lb
321 3314 354 3362 19
374 3303 525 3377 ἁγιάζειΒ
598 3314 633 3363 20
652 3301 722 3362 τῶδ’
741 3308 765 3361 Β
782 3307 855 3379 τῷδε
874 3307 900 3360 R
924 3306 928 3373 Ι
953 3323 1051 3358 ονινα-

45 3395 80 3430 ται
97 3379 150 3434 ΑΒ
222 3385 257 3434 21
277 3382 336 3442 τοῖς
354 3383 466 3442 πολλοῖς
485 3396 507 3436 ο.
526 3378 655 3434 Ηετδδοίυ
673 3361 791 3433 Hermes
810 3376 836 3430 X
854 3395 881 3447 p.
900 3381 952 3430 409
1017 3381 1052 3429 24

46 3450 110 3520 ml]
130 3445 180 3505 ἐπλ
208 3468 231 3505 ο.
250 3449 376 3506 Βοαδίετ
394 3452 485 3506 Τίτον.
510 3465 537 3521 p.
561 3457 596 3505 14
630 3445 678 3505 ἐπὶ
705 3450 751 3504 vel
777 3442 848 3518 πρὸς
876 3464 899 3500 ο.
924 3445 1052 3500 Ηοτλδοία

47 3515 150 3576 Hermes
170 3520 238 3594 Xp.
259 3528 312 3578 409
