2396 3918
141 227 206 293 150
565 229 731 282 -Α-

138 387 293 468 λιπόντες
313 384 455 478 Ἀργεῑοι
478 386 514 456 τό
540 389 637 475 γένος
660 386 755 468 ὄντες
780 391 828 468 είς
848 385 991 457 Ἰταλίαν
1012 385 1134 474 ἀφίκον-

138 517 191 563 το·
223 492 408 585 Εὐάνδρου
430 521 465 563 τε
489 487 533 563 αύ
555 495 612 563 καὶ
632 492 806 582 Ἀρκάδων
833 493 993 583 άφίξεως,
1022 501 1056 563 οἳ
1073 497 1135 582 περί
1193 509 1194 526 ’

140 601 176 670 τὸ
197 601 412 672 Παλλάντιον
435 601 582 696 ᾤκησαν,
598 602 819 690 Ἀβοριγίνων
838 603 953 682 αὐτοῖς
970 602 1136 692 παρασχόν·
1193 635 1194 648 ¹

138 735 207 778 των
225 708 263 778 τὸ
287 715 426 798 χωρίον·
450 715 498 778 ἔτι
520 709 559 779 δὲ
576 716 866 798 Πελοποννησίων
888 714 958 779 τῶν
981 707 1138 796 σύνἩρα-

99 852 112 894 ⁶
139 825 213 885 κλεί
237 818 538 906 παραγενομένων,
572 823 608 886 οἳ
632 817 829 911 κατῴκησαν
858 819 910 886 ἐπὶ
937 827 1001 887 τοῦ
1027 823 1138 902 Σατορ-
1189 805 1194 869 ί

139 928 231 992 νίου·
253 930 446 993 τελευταῖον
469 923 507 993 δέ
527 928 595 993 τῶν
614 922 881 994 ἀπαναστάντων
903 925 940 992 ἐκ
961 928 1021 1012 τῆς
1037 922 1139 1012 ,Τρωά-

102 1033 106 1042 ’
141 1033 200 1109 δος
223 1031 279 1099 καί
302 1033 603 1120 συγκερασθέντων
625 1046 697 1112 τοῖς
717 1032 902 1120 προτέροις.
937 1031 1069 1099 τούτων
1089 1028 1140 1118 γὰρ
1191 1073 1192 1076 =

140 1132 184 1204 άν
213 1135 315 1206 οὐδὲν
343 1136 438 1227 εὕροι
464 1142 535 1207 τῶν
568 1139 683 1208 ἐθνῶν
715 1137 793 1208 ούτε
825 1137 1047 1226 ἀρχαιότερον
1080 1137 1141 1206 ούτε

99 1245 120 1309 3
136 1239 428 1332 Ἑλληνικώτερον.
460 1249 499 1314 αι’
516 1245 553 1314 δὲ
570 1249 640 1315 τῶν
658 1245 841 1335 βαρβάρων
861 1247 1034 1332 ἐπιμιξίαι,
1054 1242 1096 1312 δι’
1114 1241 1144 1323 ἃς

99 1347 160 1438 ιοὴ
184 1350 281 1432 πόλις
302 1350 411 1420 πολλὰ
433 1355 502 1422 τῶν
524 1349 675 1441 άρχαίων
698 1350 969 1441 ἐπιτηδευμάτων
993 1349 1143 1439 ἀπέμαθε,

138 1456 202 1527 σύν
226 1457 337 1550 χρόνῳ
361 1460 526 1546 ἐγένοντο.
571 1460 626 1527 καί
653 1463 771 1548 θαύμα
799 1459 861 1548 μέν
887 1462 989 1529 τοῦτο
1017 1465 1142 1536 πολλοῖς
1193 1449 1194 1480 ³

139 1560 182 1634 άν
206 1563 293 1634 εἶναι
317 1565 424 1648 δόξειε
446 1563 488 1634 τά
507 1565 618 1635 εἰκότα
637 1569 882 1654 λογισαμένοις,
900 1569 971 1646 πῶς
990 1565 1056 1654 ούχ
1073 1564 1141 1634 άπα-

139 1692 182 1741 σα
206 1671 465 1761 ἐξεβαρβαρώθη
486 1671 638 1754 Ὀπικούς
659 1700 696 1742 τε
714 1671 951 1762 ’ὑποδεξαμένη
975 1674 1036 1742 καὶ
1060 1680 1178 1760 Mam-231

140 1779 221 1858 σούς
243 1780 299 1846 καί
322 1785 495 1860 Σαυνίτας
517 1781 573 1849 καὶ
596 1778 793 1870 Τυρρηνούς
815 1780 870 1848 καὶ
894 1785 1078 1868 Βρεττίους
1091 1777 1148 1864 Ὀμ·
1193 1799 1194 1822 ι

99 1909 125 1951 ιτ
138 1888 266 1972 βρικῶν
288 1887 397 1954 τεκαὶ
417 1884 555 1973 Λιγύων
573 1888 629 1955 καὶ
644 1884 786 1975 Ἰβήρων
805 1888 861 1956 καὶ
875 1891 1012 1956 Κελτῶν
1034 1884 1149 1974 συχνάς
1193 1893 1194 1956 ἐ

138 1991 305 2082 μυριάδας
332 1990 417 2061 άλλα
444 2019 479 2061 τε
506 1991 592 2082 πρὸς
618 2007 688 2074 τοῖς
711 1995 899 2082 εἰρημένοις
921 1998 1008 2080 ἔθνη
1034 1991 1150 2081 τὰμὲν

139 2101 173 2180 ἐξ
201 2097 305 2186 αὐτῆς
325 2097 479 2186 Ἰταλίας,
507 2099 547 2168 τὰ
578 2097 611 2168 δ’
638 2102 671 2182 ἐξ
700 2103 823 2188 ἑτέρων
851 2099 1023 2189 άφιγμένα
1047 2100 1151 2170 τόπων
1193 2117 1194 2132 ’

138 2212 243 2294 μυρία
266 2205 330 2275 ὅσα
354 2205 432 2275 ούτε
456 2204 651 2294 ὁμόγλωττα
676 2206 752 2276 ούτε
776 2205 966 2296 ὁμοδίαιτα,
990 2198 1043 2276 ῶν
1069 2197 1151 2294 [ούτε
1193 2229 1194 2262 ³

139 2313 257 2400 φωνάς
285 2310 363 2382 οὔτε
379 2316 541 2399 δίαιταν]
570 2316 626 2383 καὶ
654 2319 751 2401 βίους
777 2314 968 2402 σύγκλυδας
991 2310 1152 2401 άναταρα-
1193 2319 1194 2368 ι

99 2443 126 2485 ιο
139 2422 283 2509 χθέντας
311 2421 347 2488 ἐκ
374 2419 538 2507 τοσαύτης
571 2424 759 2507 διαφωνίας
788 2419 896 2489 πολλὰ
922 2424 984 2490 τοῦ
1011 2422 1155 2490 παλαιοῦ
1193 2443 1194 2480 ι

98 2526 269 2613 4ιιόσμον
295 2530 354 2614 τῆς
381 2527 509 2608 πόλεως
535 2533 725 2616 νεοχμῶσαι
753 2525 841 2608 είκδς
867 2515 926 2616 ἦν·
960 2529 1032 2596 ἐπεὶ
1063 2527 1153 2596 άλλοι
1193 2553 1194 2582 ι

138 2659 176 2719 γε
195 2633 314 2720 συχνοὶ
334 2634 371 2700 ἐν
387 2633 574 2722 βαρβάροις
592 2637 766 2715 οἰκοῦντες
784 2632 902 2722 ὀλίγον
921 2633 1053 2723 χρόνον
1075 2639 1154 2702 διελ-

138 2736 265 2818 θόντος
283 2738 373 2806 άπαν
391 2738 429 2808 τὸ
443 2737 641 2828 Ἑλληνικόν
661 2739 848 2828 άπέμαθον,
867 2739 913 2821 ῶς
931 2740 1013 2829 μήτε
1037 2740 1155 2830 φωνην

134 2842 279 2913 Ἑλλάδα
317 2847 531 2934 φθέγγεσθαι
568 2847 648 2936 μήτε
691 2848 952 2935 ἐπιτηδεύμασιν
981 2845 1157 2936 Ἑλλήνων

211 3082 226 3131 ’λ
245 3080 311 3146 post
328 3076 455 3148 τρωάδος
474 3081 628 3146 sequuntur
650 3078 700 3134 καλ
724 3078 902 3150 σνγκέρασαν
921 3076 969 3135 ἐπὶ
987 3079 1038 3134 τοῦ
1058 3097 1156 3146 σατυρ-

80 3213 82 3216 ,
138 3149 201 3204 νίον
219 3145 367 3205 τελεύτεον
387 3147 419 3204 δέ
438 3149 494 3204 τῶν
514 3144 740 3205 άπαναστάντων
765 3147 798 3206 ἐκ
821 3152 872 3219 τῆς
895 3146 1024 3221 τρωαδύς
1045 3150 1084 3222 Β,
1109 3148 1156 3204 sed

139 3219 191 3276 del.
207 3239 243 3274 m.
259 3239 300 3291 pr.
356 3225 372 3275 8
392 3215 457 3275 οὔτε
476 3214 666 3290 άρχαιότατον
689 3217 756 3277 ούτε
781 3217 1003 3291 ἑλληνικώτατον
1022 3221 1060 3290 Ο,
1086 3239 1156 3276 corr.

139 3291 298 3361 Stephanus
381 3296 415 3345 15
433 3291 483 3345 καί
501 3293 616 3346 Κελτῶν
635 3293 732 3348 om.B
815 3300 849 3350 18
872 3289 938 3348 ούτε
963 3289 1065 3363 φωνὰς
1091 3289 1156 3347 οὔτε

138 3364 252 3416 δίαιταν
276 3363 331 3416 del.
355 3360 676 3427 Ritseh130f.schmitz
698 3382 725 3434 p,
746 3368 781 3419 14
858 3371 890 3420 19
915 3359 1158 3434 άναταραχθέντα

139 3447 162 3486 ο.
189 3430 312 3554 ὃοέιωίἑτ
334 3430 354 3485 l.
373 3431 391 3485 l.
474 3436 507 3484 21
532 3434 741 3502 νεωχμῶσαιΑ
823 3425 858 3490 2'4
883 3431 1006 3505 έλλύνων
1028 3435 1051 3488 Β
1078 3431 1158 3504 ἒλλή-

139 3519 197 3554 νων
232 3520 259 3554 τι
