2412 3912
136 173 182 236 44
563 179 730 230 —A-

139 338 293 422 ἔμπειρος
315 333 383 420 ὤν,
413 339 471 423 τής
496 335 534 403 δέ
561 340 705 423 πατρίου
731 333 788 402 καί
815 330 1000 422 βεβαιωτής
1026 328 1067 400 ἀν
1093 328 1137 398 ού-

139 437 237 520 δενὸς
245 437 484 528 ὑποδεέστερος
497 447 687 528 νομισθείς,
697 439 775 510 οῦτε
789 437 966 527 Τυρρηνὸν
981 437 1137 526 ὠνόμακεν

140 543 293 632 οὐδαμοῦ
314 549 373 633 τῆς
394 550 527 634 γραφής
547 545 723 632 δυνάστην
747 549 874 614 Λυδῶν
899 543 976 614 οῦτε
999 541 1138 612 ἀποικίαν

141 651 294 741 Μηόυων
313 659 360 734 είς
375 653 519 722 Ἰταλίαν
532 656 768 740 κατασχοῦσαν
782 655 954 722 ἐπίσταται
968 657 1139 739 Τυρρηνίας
1184 649 1189 725 ί

111 785 174 828 ετε
197 758 333 847 μνήμην
349 755 393 838 ὡς
408 763 533 828 Λυδῶν
551 756 757 839 ἀποκτίσεως
774 761 1022 846 ταπεινοτέρων
1044 750 1139 826 ἀλλον

138 869 351 953 μεμυημένος
388 863 550 954 οὐδεμίαν
585 872 780 953 πεποίηται·
807 864 930 944 Ἀτνος
963 864 1002 932 δέ
1037 866 1141 940 παῖδας

139 974 300 1057 γενέσθαι
322 972 412 1057 λέγει
435 970 553 1040 Λυδὸν
574 972 631 1040 καί
649 972 816 1060 Τόρηβον,
839 972 984 1051 τούτους
1007 970 1046 1040 δὲ
1067 996 1141 1056 μερι-

140 1078 307 1164 σαμένους
337 1077 400 1166 τήν
430 1078 589 1170 πατρῴαν
620 1078 730 1168 ἀρχήν
764 1082 802 1148 έν
831 1077 925 1169 Ἀσίᾳ
961 1090 1143 1164 καταμεῖναι

140 1181 369 1270 ἀμφοτέρους·
396 1187 452 1254 καὶ
474 1200 546 1266 τοῖς
568 1191 707 1255 ἔθνεσιν
735 1176 784 1254 ὧν
807 1177 913 1274 ήρξαν
942 1182 993 1252 ἐπ’
1022 1187 1143 1252 ἐκείνων

101 1317 127 1358 ιο
142 1292 225 1377 φησὶ
247 1295 390 1376 τεδήναι
412 1290 471 1372 τὰς
493 1291 689 1380 ὀνομασίας,
712 1297 820 1380 λέγων
839 1282 920 1360 ὦδε·
944 1289 1027 1359 (ἀπὸ
1042 1289 1144 1358 Λυδοῦ

142 1395 204 1483 μὲν
226 1402 381 1483 γίνονται
406 1401 527 1486 Λυδοί,
550 1398 616 1468 άπὸ
644 1397 801 1487 Τορήβου
825 1397 863 1466 δὲ
891 1396 1050 1484 Τόρηβοι.
1083 1393 1146 1465 τού·
1188 1427 1189 1432 ’

141 1530 209 1572 των
232 1501 254 1591 ή
277 1507 413 1591 γλῦσσα
432 1503 549 1591 ὀλίγον
568 1508 766 1594 παραφέρει,
785 1505 841 1573 καί
863 1509 932 1573 νῦν
956 1508 1005 1571 ἔτι
1030 1504 1147 1572 σιλλοῦ-
1188 1541 1189 1552 1

142 1629 198 1678 σιν
222 1608 389 1698 ἀλλήλους
420 1610 550 1698 ῥήματα
585 1611 646 1680 ούκ
679 1611 790 1698 ὀλίγα,
823 1608 935 1700 ὥσπερ
959 1609 1080 1690 Ἴωνες
1104 1607 1148 1676 καί
1161 1623 1189 1672 τι

102 1718 313 1804 3Δωριεῖς’.
354 1715 549 1798 Ἑλλάνικος
576 1719 614 1786 δέ
643 1716 661 1788 ὁ
686 1721 831 1804 Λέσβιος
857 1717 937 1798 τοῦς
963 1714 1150 1806 Τυρρηνούς
1188 1737 1189 1768 ³

102 1851 129 1890 ιε
143 1841 229 1908 φησι
251 1821 449 1908 Πελασγούς
470 1824 636 1913 πρότερον
664 1826 912 1912 καλουμένους,
946 1823 1065 1912 ἐπειδή
1087 1847 1150 1891 τιατ-
1188 1843 1189 1894 1

142 1929 277 2021 ςόαησαν
301 1931 338 1998 ἐν
363 1927 500 2021 Ἰταλίᾳ,
526 1936 734 2018 παραλαβεῖν
757 1926 801 2018 ἣν
829 1935 897 2000 νῦν
921 1936 1039 2017 ἔχουσι
1061 1947 1151 2017 προσ·
1188 1969 1189 1984 ι

142 2035 294 2124 ηγορίαν.
322 2041 388 2124 ἔχει
403 2036 441 2104 δὲ
455 2034 545 2128 αύτῷ
568 2039 606 2106 ἐν
623 2042 798 2124 Φορωνίδι
822 2035 956 2122 ὁλόγος
981 2031 1063 2106 ὧδε·
1088 2037 1153 2104 ’τοῦ
1188 2039 1189 2088 ἒ

143 2147 323 2230 Πελασγοῦ
354 2147 416 2212 τοῦ
452 2146 608 2230 βασιλέος
643 2141 756 2212 αὐτῶν
797 2146 855 2212 καὶ
887 2150 1073 2231 Μενίππης
1106 2146 1156 2228 τῆς

143 2254 296 2339 Πηνειοῦ
319 2252 452 2337 ἐγένετο
478 2249 654 2338 Φράστωρ,
676 2253 740 2318 τοῦ
763 2249 800 2318 δέ
820 2249 1010 2339 Ἀμύντωρ,
1038 2255 1104 2319 τοῦ
1125 2247 1156 2316 δὲ

103 2385 130 2424 εο
148 2361 363 2446 Τευταμίδης,
385 2361 448 2425 τοῦ
471 2356 509 2425 δέ
531 2356 659 2437 Νάνας.
703 2358 756 2427 ἐπί
777 2357 903 2426 τούτου
926 2357 1158 2444 βασιλεύοντες
1188 2377 1189 2388 ’

145 2468 180 2534 οί
191 2463 363 2550 Πελασγοί
386 2460 443 2531 ὑπ’
464 2460 638 2550 Ἑλλήνων
652 2461 854 2550 ἀνέστησαν,
876 2465 932 2533 καί
947 2466 1001 2533 ἐπὶ
1015 2467 1159 2549 Σπινῆτι
1188 2473 1189 2528 ι

143 2575 280 2661 ποταμῷ
311 2571 349 2638 έν
375 2574 421 2662 τῷ
449 2568 558 2662 Ἰονίῳ
587 2569 700 2661 κόλπῳ
726 2567 787 2650 τάς
815 2573 904 2657 νῆας
925 2570 1161 2647 καταλιπόντες
1188 2583 1189 2644 λ

217 2809 233 2856 2
257 2796 465 2869 ὑποδεεστέρου
479 2802 504 2855 Α
526 2795 733 2868 ῦποδεεστέροτ
747 2802 770 2856 Β
836 2806 852 2854 5
870 2802 913 2887 τε]
933 2801 965 2857 δὲ
980 2804 1003 2857 Β
1022 2797 1066 2874 λ’
1047 2803 1163 2886 απομτί-

146 2892 216 2936 σεως
234 2873 280 2926 Βο
297 2874 331 2927 ut
343 2872 454 2926 videtur
468 2877 497 2927 et
506 2872 596 2927 Cobet
610 2871 675 2928 Oba.
686 2891 713 2942 p.
723 2879 758 2929 26
777 2867 957 2959 ἀπαιτήσεως
969 2875 996 2928 Β
1050 2881 1066 2929 '1
1081 2890 1164 2940 τορη

146 2945 241 3016 μονΒ
315 2950 347 2998 11
366 2938 489 3015 τορήβου
508 2941 540 2998 δε
559 2938 676 3012 τόρηβοι
693 2945 747 2998 ΑΒ
827 2950 860 2998 12
879 2939 897 3012 ἡ
918 2962 978 3000 om
992 2943 1164 3014 ΑΙσιλλοῦ-

147 3035 191 3071 σιν
209 3018 235 3071 Α
262 3015 338 3085 (μιοδ
360 3013 488 3069 defendit
509 3015 653 3070 Meutzner
674 3016 746 3071 Am.
766 3013 843 3102 phiL
869 3020 938 3071 187⁷
966 3033 993 3108 p.
1023 3023 1076 3072 820
1111 3015 1164 3068 σίλ

146 3093 242 3143 λουσιν
260 3089 283 3142 Β
302 3086 463 3141 σνλῦσινο.
482 3086 592 3142 Βόλοολδ
610 3087 738 3154 ζηλοῦσιν
757 3080 894 3154 ἀλλήλους
912 3085 997 3172 είςρ.
1017 3105 1041 3144 ο.
1059 3083 1165 3142 Reiske

146 3156 334 3246 ὃμολογοῦριν
361 3174 385 3213 ο.
405 3157 526 3212 Sintenis
545 3158 605 3211 Em.
625 3157 707 3211 Dion.
725 3158 742 3210 Ι
810 3163 843 3212 16
862 3109 1037 3230 συνᾴδουσιν
1055 3151 1166 3213 conieci

183 3237 216 3285 13
235 3226 414 3298 άλλήλονςΟ
442 3223 571 3297 ἀλλήλοις
594 3227 737 3296 Mainake,
760 3176 926 3283 §intenis
978 3235 1012 3283 14
1034 3245 1166 3298 τνρρηνι-

146 3299 215 3363 ποῦς
233 3301 279 3355 Ba
352 3306 385 3354 16
403 3299 457 3352 νῦν
476 3315 531 3354 om.
550 3299 572 3352 B
642 3303 675 3352 18
679 3297 829 3380 βασιλέως
848 3299 872 3353 Ο
891 3297 981 3354 Cobet
999 3299 1111 3368 Obap.

146 3371 276 3425 formas
267 3370 377 3425 ιοιιὶοαε
394 3369 520 3423 restituit
593 3374 625 3422 19
645 3363 800 3436 φάστωρΒ
872 3375 905 3422 22
927 3365 1016 3443 ἐντῷ
1040 3389 1093 3426 om.
1080 3302 1168 3436 ΡΒΙ

149 3439 243 3512 ίονιιιῷ
262 3441 288 3493 A
314 3435 548 3511 ί<ο>νιιιιῦιΒί
547 3440 614 3510 ονίῳ
634 3437 755 3507 Sylburg
