<?xml version="1.0" encoding="UTF-8"?>
<!DOCTYPE html PUBLIC "-//W3C//DTD XHTML 1.0 Transitional//EN"
    "http://www.w3.org/TR/xhtml1/DTD/xhtml1-transitional.dtd">
<html xmlns="http://www.w3.org/1999/xhtml" xml:lang="en" lang="en">
 <head>
  <title>
</title>
<meta http-equiv="Content-Type" content="text/html;charset=utf-8" />
  <meta name='ocr-system' content='tesseract 3.04.00' />
  <meta name='ocr-capabilities' content='ocr_page ocr_carea ocr_par ocr_line ocrx_word'/>
</head>
<body>
  <div class='ocr_page' id='page_1' title='image "./antiquitatumrom00jacogoog_0266.png"; bbox 0 0 2408 3928; ppageno 0'>
   <div class='ocr_carea' id='block_1_1' title="bbox 125 211 720 276">
    <p class='ocr_par' dir='ltr' id='par_1_1' title="bbox 125 211 720 276">
     <span class='ocr_line' id='line_1_1' title="bbox 125 211 720 276; baseline -0.003 0"><span class='ocrx_word' id='word_1_1' title='bbox 125 211 191 276; x_wconf 79' lang='lat'><strong><em>252</em></strong></span> <span class='ocrx_word' id='word_1_2' title='bbox 552 245 587 255; x_wconf 98' lang='lat'><em>-</em></span> <span class='ocrx_word' id='word_1_3' title='bbox 623 213 646 268; x_wconf 89' lang='grc' dir='ltr'>Β</span> <span class='ocrx_word' id='word_1_4' title='bbox 683 243 720 274; x_wconf 86' lang='grc'><strong><em>-.</em></strong></span> 
     </span>
    </p>
   </div>
   <div class='ocr_carea' id='block_1_2' title="bbox 81 370 1131 1106">
    <p class='ocr_par' dir='ltr' id='par_1_2' title="bbox 121 370 1128 570">
     <span class='ocr_line' id='line_1_2' title="bbox 122 370 1128 461; baseline 0 -21"><span class='ocrx_word' id='word_1_5' title='bbox 122 378 232 452; x_wconf 88' lang='grc' dir='ltr'><strong><em>πείαις</em></strong></span> <span class='ocrx_word' id='word_1_6' title='bbox 259 373 512 461; x_wconf 74' lang='grc' dir='ltr'><strong><em>ἐξιλασκόμενοι</em></strong></span> <span class='ocrx_word' id='word_1_7' title='bbox 543 372 726 461; x_wconf 82' lang='grc' dir='ltr'><strong><em>κατάγουσι</em></strong></span> <span class='ocrx_word' id='word_1_8' title='bbox 753 372 855 443; x_wconf 87' lang='grc' dir='ltr'><strong><em>πόλιν</em></strong></span> <span class='ocrx_word' id='word_1_9' title='bbox 887 377 936 452; x_wconf 88' lang='grc' dir='ltr'><strong><em>είς</em></strong></span> <span class='ocrx_word' id='word_1_10' title='bbox 967 370 1004 441; x_wconf 90' lang='grc' dir='ltr'><strong><em>τὸ</em></strong></span> <span class='ocrx_word' id='word_1_11' title='bbox 1033 372 1128 458; x_wconf 87' lang='grc' dir='ltr'><strong><em>ίερόν·</em></strong></span> 
     </span>
     <span class='ocr_line' id='line_1_3' title="bbox 121 471 862 570; baseline 0 -22"><span class='ocrx_word' id='word_1_12' title='bbox 121 477 206 567; x_wconf 70' lang='grc' dir='ltr'><strong><em>ὑπὲρ</em></strong></span> <span class='ocrx_word' id='word_1_13' title='bbox 230 471 280 549; x_wconf 80' lang='grc' dir='ltr'><strong><em>ἀν</em></strong></span> <span class='ocrx_word' id='word_1_14' title='bbox 301 479 386 550; x_wconf 82' lang='grc' dir='ltr'><strong><em>κατὰ</em></strong></span> <span class='ocrx_word' id='word_1_15' title='bbox 407 479 470 551; x_wconf 86' lang='grc' dir='ltr'><strong><em>τόν</em></strong></span> <span class='ocrx_word' id='word_1_16' title='bbox 493 486 620 550; x_wconf 85' lang='grc' dir='ltr'><strong><em>οίκεῖου</em></strong></span> <span class='ocrx_word' id='word_1_17' title='bbox 642 478 763 570; x_wconf 84' lang='grc' dir='ltr'><strong><em>καιρὸν</em></strong></span> <span class='ocrx_word' id='word_1_18' title='bbox 786 482 862 569; x_wconf 77' lang='grc' dir='ltr'><strong><em>ἐρῶ.</em></strong></span> 
     </span>
    </p>

    <p class='ocr_par' dir='ltr' id='par_1_3' title="bbox 210 586 1128 675">
     <span class='ocr_line' id='line_1_4' title="bbox 210 586 1128 675; baseline 0.001 -21"><span class='ocrx_word' id='word_1_19' title='bbox 210 589 360 658; x_wconf 78' lang='lat' dir='ltr'><strong>LXVIIL</strong></span> <span class='ocrx_word' id='word_1_20' title='bbox 392 587 495 658; x_wconf 86' lang='grc' dir='ltr'><strong><em>Πάνυ</em></strong></span> <span class='ocrx_word' id='word_1_21' title='bbox 513 586 546 656; x_wconf 89' lang='grc' dir='ltr'><strong><em>δ’</em></strong></span> <span class='ocrx_word' id='word_1_22' title='bbox 563 586 661 670; x_wconf 88' lang='grc' dir='ltr'><strong><em>ἀξιον</em></strong></span> <span class='ocrx_word' id='word_1_23' title='bbox 678 589 734 657; x_wconf 81' lang='grc' dir='ltr'><strong><em>καὶ</em></strong></span> <span class='ocrx_word' id='word_1_24' title='bbox 752 586 816 675; x_wconf 76' lang='grc' dir='ltr'><strong><em>την</em></strong></span> <span class='ocrx_word' id='word_1_25' title='bbox 834 586 1035 675; x_wconf 83' lang='grc' dir='ltr'><strong><em>ἐπιφάνειαν</em></strong></span> <span class='ocrx_word' id='word_1_26' title='bbox 1054 589 1128 656; x_wconf 84' lang='grc' dir='ltr'><strong><em>ίστο</em></strong></span> 
     </span>
    </p>

    <p class='ocr_par' dir='ltr' id='par_1_4' title="bbox 121 691 1129 783">
     <span class='ocr_line' id='line_1_5' title="bbox 121 691 1129 783; baseline -0.001 -21"><span class='ocrx_word' id='word_1_27' title='bbox 121 697 223 781; x_wconf 80' lang='grc' dir='ltr'><strong><em>ρῆσαι</em></strong></span> <span class='ocrx_word' id='word_1_28' title='bbox 254 699 314 783; x_wconf 81' lang='grc' dir='ltr'><strong><em>τῆς</em></strong></span> <span class='ocrx_word' id='word_1_29' title='bbox 343 698 442 781; x_wconf 87' lang='grc' dir='ltr'><strong><em>θεάς,</em></strong></span> <span class='ocrx_word' id='word_1_30' title='bbox 476 691 520 783; x_wconf 77' lang='grc' dir='ltr'><strong><em>ἢν</em></strong></span> <span class='ocrx_word' id='word_1_31' title='bbox 548 697 737 778; x_wconf 73' lang='grc' dir='ltr'><strong><em>ἐπεδείξατο</em></strong></span> <span class='ocrx_word' id='word_1_32' title='bbox 765 709 839 776; x_wconf 84' lang='grc' dir='ltr'><strong><em>ταῖς</em></strong></span> <span class='ocrx_word' id='word_1_33' title='bbox 870 691 995 774; x_wconf 90' lang='grc' dir='ltr'><strong><em>ἀδίκως</em></strong></span> <span class='ocrx_word' id='word_1_34' title='bbox 1027 696 1129 780; x_wconf 83' lang='grc' dir='ltr'><strong><em>ἐγκλη-</em></strong></span> 
     </span>
    </p>

    <p class='ocr_par' dir='ltr' id='par_1_5' title="bbox 81 797 1129 891">
     <span class='ocr_line' id='line_1_6' title="bbox 81 797 1129 891; baseline 0 -23"><span class='ocrx_word' id='word_1_35' title='bbox 81 827 94 868; x_wconf 82' lang='grc' dir='ltr'><strong><em>ε</em></strong></span> <span class='ocrx_word' id='word_1_36' title='bbox 121 805 256 882; x_wconf 88' lang='grc' dir='ltr'><strong><em>θείσαις</em></strong></span> <span class='ocrx_word' id='word_1_37' title='bbox 287 803 489 891; x_wconf 76' lang='grc' dir='ltr'><strong><em>παρθένοις,</em></strong></span> <span class='ocrx_word' id='word_1_38' title='bbox 516 807 736 872; x_wconf 73' lang='grc' dir='ltr'><strong><em>’πεπίστευται</em></strong></span> <span class='ocrx_word' id='word_1_39' title='bbox 766 801 832 889; x_wconf 83' lang='grc' dir='ltr'><strong><em>γὰρ</em></strong></span> <span class='ocrx_word' id='word_1_40' title='bbox 865 797 930 870; x_wconf 78' lang='grc' dir='ltr'><strong><em>ὑπὸ</em></strong></span> <span class='ocrx_word' id='word_1_41' title='bbox 955 798 1129 888; x_wconf 85' lang='grc' dir='ltr'><strong><em>Ῥωμαίων,</em></strong></span> 
     </span>
    </p>

    <p class='ocr_par' dir='ltr' id='par_1_6' title="bbox 121 906 1131 997">
     <span class='ocr_line' id='line_1_7' title="bbox 121 906 1131 997; baseline 0.001 -24"><span class='ocrx_word' id='word_1_42' title='bbox 121 909 152 973; x_wconf 88' lang='grc' dir='ltr'><strong><em>εί</em></strong></span> <span class='ocrx_word' id='word_1_43' title='bbox 177 907 234 976; x_wconf 79' lang='grc' dir='ltr'><strong><em>καὶ</em></strong></span> <span class='ocrx_word' id='word_1_44' title='bbox 260 909 434 997; x_wconf 88' lang='grc' dir='ltr'><strong><em>παράδοξά</em></strong></span> <span class='ocrx_word' id='word_1_45' title='bbox 468 912 553 996; x_wconf 91' lang='grc' dir='ltr'><strong><em>ἐστι,</em></strong></span> <span class='ocrx_word' id='word_1_46' title='bbox 581 911 638 980; x_wconf 82' lang='grc' dir='ltr'><strong><em>καὶ</em></strong></span> <span class='ocrx_word' id='word_1_47' title='bbox 669 908 780 978; x_wconf 79' lang='grc' dir='ltr'><strong><em>πολύν</em></strong></span> <span class='ocrx_word' id='word_1_48' title='bbox 806 914 1006 996; x_wconf 83' lang='grc' dir='ltr'><strong><em>πεποίηνται</em></strong></span> <span class='ocrx_word' id='word_1_49' title='bbox 1038 906 1131 994; x_wconf 89' lang='grc' dir='ltr'><strong><em>λόγον</em></strong></span> 
     </span>
    </p>

    <p class='ocr_par' dir='ltr' id='par_1_7' title="bbox 85 1006 1130 1106">
     <span class='ocr_line' id='line_1_8' title="bbox 85 1006 1130 1106; baseline 0.003 -26"><span class='ocrx_word' id='word_1_50' title='bbox 85 1009 207 1102; x_wconf 78' lang='grc' dir='ltr'><strong><em>2ύπέρ</em></strong></span> <span class='ocrx_word' id='word_1_51' title='bbox 230 1013 343 1086; x_wconf 76' lang='grc' dir='ltr'><strong><em>αὐτῶν</em></strong></span> <span class='ocrx_word' id='word_1_52' title='bbox 368 1019 404 1084; x_wconf 92' lang='grc' dir='ltr'><strong><em>οί</em></strong></span> <span class='ocrx_word' id='word_1_53' title='bbox 424 1029 642 1106; x_wconf 88' lang='grc' dir='ltr'><strong><em>συγγραφεῖς.</em></strong></span> <span class='ocrx_word' id='word_1_54' title='bbox 682 1014 758 1086; x_wconf 82' lang='grc' dir='ltr'><strong><em>ὅσοι</em></strong></span> <span class='ocrx_word' id='word_1_55' title='bbox 776 1015 839 1103; x_wconf 75' lang='grc' dir='ltr'><strong><em>μὲν</em></strong></span> <span class='ocrx_word' id='word_1_56' title='bbox 858 1006 922 1084; x_wconf 82' lang='grc' dir='ltr'><strong><em>οὖν</em></strong></span> <span class='ocrx_word' id='word_1_57' title='bbox 938 1013 997 1095; x_wconf 81' lang='grc' dir='ltr'><strong><em>τὰς</em></strong></span> <span class='ocrx_word' id='word_1_58' title='bbox 1016 1010 1130 1094; x_wconf 81' lang='grc' dir='ltr'><strong><em>ἀθέους</em></strong></span> 
     </span>
    </p>
   </div>
   <div class='ocr_carea' id='block_1_3' title="bbox 83 1117 1191 3244">
    <p class='ocr_par' dir='ltr' id='par_1_8' title="bbox 83 1117 1191 3244">
     <span class='ocr_line' id='line_1_9' title="bbox 123 1117 1133 1210; baseline 0.002 -24"><span class='ocrx_word' id='word_1_59' title='bbox 123 1117 267 1190; x_wconf 77' lang='grc' dir='ltr'><strong><em>ἀσκοῦσι</em></strong></span> <span class='ocrx_word' id='word_1_60' title='bbox 290 1128 509 1210; x_wconf 79' lang='grc' dir='ltr'><strong><em>φιλοσοφίας,</em></strong></span> <span class='ocrx_word' id='word_1_61' title='bbox 531 1127 563 1192; x_wconf 85' lang='grc' dir='ltr'><strong><em>εί</em></strong></span> <span class='ocrx_word' id='word_1_62' title='bbox 590 1120 634 1210; x_wconf 77' lang='grc' dir='ltr'><strong><em>δὴ</em></strong></span> <span class='ocrx_word' id='word_1_63' title='bbox 655 1123 713 1191; x_wconf 81' lang='grc' dir='ltr'><strong><em>καὶ</em></strong></span> <span class='ocrx_word' id='word_1_64' title='bbox 735 1125 940 1210; x_wconf 78' lang='grc' dir='ltr'><strong><em>φιλοσοφίας</em></strong></span> <span class='ocrx_word' id='word_1_65' title='bbox 964 1118 1070 1202; x_wconf 88' lang='grc' dir='ltr'><strong><em>αάτάς</em></strong></span> <span class='ocrx_word' id='word_1_66' title='bbox 1092 1125 1133 1190; x_wconf 84' lang='grc' dir='ltr'><strong><em>δεῖ</em></strong></span> 
     </span>
     <span class='ocr_line' id='line_1_10' title="bbox 121 1225 1132 1326; baseline 0.003 -32"><span class='ocrx_word' id='word_1_67' title='bbox 121 1233 255 1314; x_wconf 87' lang='grc' dir='ltr'><strong><em>καλεῖν,</em></strong></span> <span class='ocrx_word' id='word_1_68' title='bbox 300 1225 433 1326; x_wconf 79' lang='grc' dir='ltr'><strong><em>ἀπάσας</em></strong></span> <span class='ocrx_word' id='word_1_69' title='bbox 477 1229 699 1317; x_wconf 84' lang='grc' dir='ltr'><strong><em>διασύροντες</em></strong></span> <span class='ocrx_word' id='word_1_70' title='bbox 737 1230 798 1310; x_wconf 84' lang='grc' dir='ltr'><strong><em>τὰς</em></strong></span> <span class='ocrx_word' id='word_1_71' title='bbox 839 1231 1038 1316; x_wconf 76' lang='grc' dir='ltr'><strong><em>ἐπιφανείας</em></strong></span> <span class='ocrx_word' id='word_1_72' title='bbox 1073 1231 1132 1299; x_wconf 82' lang='grc' dir='ltr'><strong><em>τάν</em></strong></span> 
     </span>
     <span class='ocr_line' id='line_1_11' title="bbox 83 1333 1133 1425; baseline 0.004 -25"><span class='ocrx_word' id='word_1_73' title='bbox 83 1353 109 1392; x_wconf 86' lang='lat'><strong><em>1⁰</em></strong></span> <span class='ocrx_word' id='word_1_74' title='bbox 121 1337 216 1402; x_wconf 76' lang='grc' dir='ltr'><strong><em>θεῶν</em></strong></span> <span class='ocrx_word' id='word_1_75' title='bbox 242 1333 302 1416; x_wconf 91' lang='grc' dir='ltr'><strong><em>τάς</em></strong></span> <span class='ocrx_word' id='word_1_76' title='bbox 329 1333 408 1422; x_wconf 90' lang='grc' dir='ltr'><strong><em>παρ’</em></strong></span> <span class='ocrx_word' id='word_1_77' title='bbox 425 1334 586 1424; x_wconf 85' lang='grc' dir='ltr'><strong><em>Ἕλλησιν</em></strong></span> <span class='ocrx_word' id='word_1_78' title='bbox 613 1333 636 1425; x_wconf 83' lang='grc' dir='ltr'><em>ἢ</em></span> <span class='ocrx_word' id='word_1_79' title='bbox 664 1334 849 1424; x_wconf 77' lang='grc' dir='ltr'><strong><em>βαρβάροις</em></strong></span> <span class='ocrx_word' id='word_1_80' title='bbox 877 1337 1063 1423; x_wconf 79' lang='grc' dir='ltr'><strong><em>γενομένας</em></strong></span> <span class='ocrx_word' id='word_1_81' title='bbox 1088 1337 1133 1404; x_wconf 78' lang='grc' dir='ltr'><strong><em>καὶ</em></strong></span> 
     </span>
     <span class='ocr_line' id='line_1_12' title="bbox 121 1441 1134 1531; baseline 0.003 -23"><span class='ocrx_word' id='word_1_82' title='bbox 121 1442 244 1523; x_wconf 88' lang='grc' dir='ltr'><strong><em>ταύτας</em></strong></span> <span class='ocrx_word' id='word_1_83' title='bbox 267 1447 314 1522; x_wconf 91' lang='grc' dir='ltr'><strong><em>είς</em></strong></span> <span class='ocrx_word' id='word_1_84' title='bbox 337 1445 466 1529; x_wconf 85' lang='grc' dir='ltr'><strong><em>γέλωτα</em></strong></span> <span class='ocrx_word' id='word_1_85' title='bbox 487 1443 597 1514; x_wconf 81' lang='grc' dir='ltr'><strong><em>πολύν</em></strong></span> <span class='ocrx_word' id='word_1_86' title='bbox 626 1445 746 1526; x_wconf 87' lang='grc' dir='ltr'><strong><em>ἀξουσι</em></strong></span> <span class='ocrx_word' id='word_1_87' title='bbox 773 1442 833 1523; x_wconf 86' lang='grc' dir='ltr'><strong><em>τάς</em></strong></span> <span class='ocrx_word' id='word_1_88' title='bbox 855 1446 1005 1531; x_wconf 89' lang='grc' dir='ltr'><strong><em>ίστορίας</em></strong></span> <span class='ocrx_word' id='word_1_89' title='bbox 1028 1441 1134 1526; x_wconf 79' lang='grc' dir='ltr'><strong><em>ἀλαζο-</em></strong></span> 
     </span>
     <span class='ocr_line' id='line_1_13' title="bbox 121 1515 1189 1638; baseline 0.003 -24"><span class='ocrx_word' id='word_1_90' title='bbox 121 1551 229 1628; x_wconf 88' lang='grc' dir='ltr'><strong><em>νείαις</em></strong></span> <span class='ocrx_word' id='word_1_91' title='bbox 265 1547 500 1638; x_wconf 74' lang='grc' dir='ltr'><strong><em>ἀνθρωπίναις</em></strong></span> <span class='ocrx_word' id='word_1_92' title='bbox 536 1548 640 1633; x_wconf 86' lang='grc' dir='ltr'><strong><em>αάτάς</em></strong></span> <span class='ocrx_word' id='word_1_93' title='bbox 677 1548 908 1635; x_wconf 87' lang='grc' dir='ltr'><strong><em>ἀνατιθέντες,</em></strong></span> <span class='ocrx_word' id='word_1_94' title='bbox 944 1547 991 1630; x_wconf 78' lang='grc' dir='ltr'><strong><em>ὡς</em></strong></span> <span class='ocrx_word' id='word_1_95' title='bbox 1029 1547 1134 1620; x_wconf 78' lang='grc' dir='ltr'><strong><em>οὐδενί</em></strong></span> <span class='ocrx_word' id='word_1_96' title='bbox 1188 1515 1189 1594; x_wconf 52' lang='grc' dir='ltr'><strong><em>ἀ</em></strong></span> 
     </span>
     <span class='ocr_line' id='line_1_14' title="bbox 121 1654 1191 1770; baseline 0.005 -47"><span class='ocrx_word' id='word_1_97' title='bbox 121 1657 217 1724; x_wconf 73' lang='grc' dir='ltr'><strong><em>θεῶν</em></strong></span> <span class='ocrx_word' id='word_1_98' title='bbox 247 1659 350 1744; x_wconf 84' lang='grc' dir='ltr'><strong><em>μέλον</em></strong></span> <span class='ocrx_word' id='word_1_99' title='bbox 382 1656 579 1745; x_wconf 78' lang='grc' dir='ltr'><strong><em>ἀνθρώπων</em></strong></span> <span class='ocrx_word' id='word_1_100' title='bbox 608 1657 758 1740; x_wconf 88' lang='grc' dir='ltr'><strong><em>οάδενός.</em></strong></span> <span class='ocrx_word' id='word_1_101' title='bbox 810 1655 886 1727; x_wconf 82' lang='grc' dir='ltr'><strong><em>ὅσοι</em></strong></span> <span class='ocrx_word' id='word_1_102' title='bbox 913 1654 946 1725; x_wconf 91' lang='grc' dir='ltr'><strong><em>δ’</em></strong></span> <span class='ocrx_word' id='word_1_103' title='bbox 974 1654 1038 1726; x_wconf 87' lang='grc' dir='ltr'><strong><em>οάκ</em></strong></span> <span class='ocrx_word' id='word_1_104' title='bbox 1064 1655 1134 1728; x_wconf 83' lang='grc' dir='ltr'><strong><em>ἀπο</em></strong></span> <span class='ocrx_word' id='word_1_105' title='bbox 1190 1727 1191 1770; x_wconf 37' lang='grc' dir='ltr'><strong><em>ρ</em></strong></span> 
     </span>
     <span class='ocr_line' id='line_1_15' title="bbox 124 1748 1133 1855; baseline 0.005 -26"><span class='ocrx_word' id='word_1_106' title='bbox 124 1760 245 1831; x_wconf 83' lang='grc' dir='ltr'><strong><em>λύουσι</em></strong></span> <span class='ocrx_word' id='word_1_107' title='bbox 272 1767 332 1852; x_wconf 80' lang='grc' dir='ltr'><strong><em>τῆς</em></strong></span> <span class='ocrx_word' id='word_1_108' title='bbox 354 1762 575 1855; x_wconf 78' lang='grc' dir='ltr'><strong><em>ἀνθρωπίνης</em></strong></span> <span class='ocrx_word' id='word_1_109' title='bbox 603 1769 789 1853; x_wconf 81' lang='grc' dir='ltr'><strong><em>ἐπιμελείας</em></strong></span> <span class='ocrx_word' id='word_1_110' title='bbox 814 1764 893 1846; x_wconf 81' lang='grc' dir='ltr'><strong><em>τούς</em></strong></span> <span class='ocrx_word' id='word_1_111' title='bbox 914 1763 1034 1850; x_wconf 88' lang='grc' dir='ltr'><strong><em>θεούς,</em></strong></span> <span class='ocrx_word' id='word_1_112' title='bbox 1057 1748 1133 1834; x_wconf 85' lang='grc' dir='ltr'><strong><em>ἀλλά</em></strong></span> 
     </span>
     <span class='ocr_line' id='line_1_16' title="bbox 84 1869 1134 1962; baseline 0.006 -28"><span class='ocrx_word' id='word_1_113' title='bbox 84 1895 110 1936; x_wconf 86' lang='lat'><strong><em>15</em></strong></span> <span class='ocrx_word' id='word_1_114' title='bbox 123 1870 180 1939; x_wconf 82' lang='grc' dir='ltr'><strong><em>καί</em></strong></span> <span class='ocrx_word' id='word_1_115' title='bbox 206 1883 278 1951; x_wconf 89' lang='grc' dir='ltr'><strong><em>τοῖς</em></strong></span> <span class='ocrx_word' id='word_1_116' title='bbox 303 1869 448 1958; x_wconf 90' lang='grc' dir='ltr'><strong><em>ἀγαθοῖς</em></strong></span> <span class='ocrx_word' id='word_1_117' title='bbox 475 1871 626 1962; x_wconf 78' lang='grc' dir='ltr'><strong><em>εὐμενεῖς</em></strong></span> <span class='ocrx_word' id='word_1_118' title='bbox 657 1872 747 1942; x_wconf 76' lang='grc' dir='ltr'><strong><em>εἶναι</em></strong></span> <span class='ocrx_word' id='word_1_119' title='bbox 778 1877 954 1961; x_wconf 81' lang='grc' dir='ltr'><strong><em>νομίξουσι</em></strong></span> <span class='ocrx_word' id='word_1_120' title='bbox 985 1872 1043 1940; x_wconf 82' lang='grc' dir='ltr'><strong><em>καὶ</em></strong></span> <span class='ocrx_word' id='word_1_121' title='bbox 1073 1886 1134 1952; x_wconf 80' lang='grc' dir='ltr'><strong><em>τοῖς</em></strong></span> 
     </span>
     <span class='ocr_line' id='line_1_17' title="bbox 123 1977 1135 2069; baseline 0.002 -24"><span class='ocrx_word' id='word_1_122' title='bbox 123 1992 239 2058; x_wconf 79' lang='grc' dir='ltr'><strong><em>κακοῖς</em></strong></span> <span class='ocrx_word' id='word_1_123' title='bbox 275 1981 452 2067; x_wconf 86' lang='grc' dir='ltr'><strong><em>δυσμενεῖς</em></strong></span> <span class='ocrx_word' id='word_1_124' title='bbox 488 1980 545 2048; x_wconf 89' lang='grc' dir='ltr'><strong><em>διά</em></strong></span> <span class='ocrx_word' id='word_1_125' title='bbox 585 1983 712 2069; x_wconf 83' lang='grc' dir='ltr'><strong><em>πολλῆς</em></strong></span> <span class='ocrx_word' id='word_1_126' title='bbox 747 1977 949 2067; x_wconf 75' lang='grc' dir='ltr'><strong><em>ἐληλυθότες</em></strong></span> <span class='ocrx_word' id='word_1_127' title='bbox 986 1980 1135 2067; x_wconf 86' lang='grc' dir='ltr'><strong><em>ίστορίας,</em></strong></span> 
     </span>
     <span class='ocr_line' id='line_1_18' title="bbox 126 2082 1135 2174; baseline -0.002 -20"><span class='ocrx_word' id='word_1_128' title='bbox 126 2082 208 2154; x_wconf 73' lang='grc' dir='ltr'><strong><em>οὐδὲ</em></strong></span> <span class='ocrx_word' id='word_1_129' title='bbox 234 2085 356 2167; x_wconf 89' lang='grc' dir='ltr'><strong><em>ταύτας</em></strong></span> <span class='ocrx_word' id='word_1_130' title='bbox 382 2083 617 2173; x_wconf 70' lang='grc' dir='ltr'><strong><em>ὑπολήψονται</em></strong></span> <span class='ocrx_word' id='word_1_131' title='bbox 643 2085 703 2170; x_wconf 84' lang='grc' dir='ltr'><strong><em>τάς</em></strong></span> <span class='ocrx_word' id='word_1_132' title='bbox 731 2089 927 2174; x_wconf 85' lang='grc' dir='ltr'><strong><em>ἐπιφανείας</em></strong></span> <span class='ocrx_word' id='word_1_133' title='bbox 954 2083 1044 2155; x_wconf 77' lang='grc' dir='ltr'><strong><em>εἶναι</em></strong></span> <span class='ocrx_word' id='word_1_134' title='bbox 1071 2082 1135 2153; x_wconf 90' lang='grc' dir='ltr'><strong><em>ἀπί-</em></strong></span> 
     </span>
     <span class='ocr_line' id='line_1_19' title="bbox 89 2189 1133 2283; baseline 0.001 -26"><span class='ocrx_word' id='word_1_135' title='bbox 89 2192 235 2275; x_wconf 83' lang='grc' dir='ltr'><strong><em>3στους.</em></strong></span> <span class='ocrx_word' id='word_1_136' title='bbox 288 2194 417 2280; x_wconf 89' lang='grc' dir='ltr'><strong><em>λέγεται</em></strong></span> <span class='ocrx_word' id='word_1_137' title='bbox 450 2192 494 2282; x_wconf 84' lang='grc' dir='ltr'><strong><em>δή</em></strong></span> <span class='ocrx_word' id='word_1_138' title='bbox 525 2217 606 2263; x_wconf 90' lang='grc' dir='ltr'><strong><em>ποτε</em></strong></span> <span class='ocrx_word' id='word_1_139' title='bbox 636 2198 699 2263; x_wconf 83' lang='grc' dir='ltr'><strong><em>τοῦ</em></strong></span> <span class='ocrx_word' id='word_1_140' title='bbox 729 2193 838 2283; x_wconf 85' lang='grc' dir='ltr'><strong><em>πυρὸς</em></strong></span> <span class='ocrx_word' id='word_1_141' title='bbox 868 2192 1063 2274; x_wconf 81' lang='grc' dir='ltr'><strong><em>ἐκλιπόντος</em></strong></span> <span class='ocrx_word' id='word_1_142' title='bbox 1092 2189 1133 2258; x_wconf 86' lang='grc' dir='ltr'><strong><em>δι’</em></strong></span> 
     </span>
     <span class='ocr_line' id='line_1_20' title="bbox 126 2297 1135 2390; baseline -0.003 -21"><span class='ocrx_word' id='word_1_143' title='bbox 126 2299 309 2390; x_wconf 80' lang='grc' dir='ltr'><strong><em>όλυγωρίαν</em></strong></span> <span class='ocrx_word' id='word_1_144' title='bbox 331 2298 408 2370; x_wconf 91' lang='grc' dir='ltr'><strong><em>τιυά</em></strong></span> <span class='ocrx_word' id='word_1_145' title='bbox 436 2305 496 2387; x_wconf 81' lang='grc' dir='ltr'><strong><em>τῆς</em></strong></span> <span class='ocrx_word' id='word_1_146' title='bbox 519 2299 596 2369; x_wconf 91' lang='grc' dir='ltr'><strong><em>τότε</em></strong></span> <span class='ocrx_word' id='word_1_147' title='bbox 623 2299 705 2371; x_wconf 90' lang='grc' dir='ltr'><strong><em>αύτὸ</em></strong></span> <span class='ocrx_word' id='word_1_148' title='bbox 730 2297 964 2388; x_wconf 87' lang='grc' dir='ltr'><strong><em>φυλαττούσης</em></strong></span> <span class='ocrx_word' id='word_1_149' title='bbox 987 2303 1135 2386; x_wconf 87' lang='grc' dir='ltr'><strong><em>Αίμιλίας</em></strong></span> 
     </span>
     <span class='ocr_line' id='line_1_21' title="bbox 85 2399 1174 2500; baseline -0.006 -23"><span class='ocrx_word' id='word_1_150' title='bbox 85 2423 112 2463; x_wconf 76' lang='lat'><strong><em>2⁰</em></strong></span> <span class='ocrx_word' id='word_1_151' title='bbox 127 2409 221 2498; x_wconf 78' lang='grc' dir='ltr'><strong><em>ἑτέρᾳ</em></strong></span> <span class='ocrx_word' id='word_1_152' title='bbox 244 2407 405 2500; x_wconf 76' lang='grc' dir='ltr'><strong><em>παρθένῳ</em></strong></span> <span class='ocrx_word' id='word_1_153' title='bbox 432 2399 502 2477; x_wconf 78' lang='grc' dir='ltr'><strong><em>τῶν</em></strong></span> <span class='ocrx_word' id='word_1_154' title='bbox 534 2408 655 2477; x_wconf 79' lang='grc' dir='ltr'><strong><em>νεωστὶ</em></strong></span> <span class='ocrx_word' id='word_1_155' title='bbox 687 2407 950 2494; x_wconf 76' lang='grc' dir='ltr'><strong><em>κατειλεγμένων</em></strong></span> <span class='ocrx_word' id='word_1_156' title='bbox 981 2406 1039 2475; x_wconf 82' lang='grc' dir='ltr'><strong><em>καί</em></strong></span> <span class='ocrx_word' id='word_1_157' title='bbox 1064 2404 1174 2491; x_wconf 80' lang='grc' dir='ltr'><strong><em>ἀρτιεεν</em></strong></span> 
     </span>
     <span class='ocr_line' id='line_1_22' title="bbox 93 2509 1134 2603; baseline -0.006 -18"><span class='ocrx_word' id='word_1_158' title='bbox 93 2576 96 2585; x_wconf 83' lang='grc'><strong><em>,</em></strong></span> <span class='ocrx_word' id='word_1_159' title='bbox 126 2518 379 2602; x_wconf 78' lang='grc' dir='ltr'><strong><em>μανθανουσῶν</em></strong></span> <span class='ocrx_word' id='word_1_160' title='bbox 423 2515 640 2603; x_wconf 78' lang='grc' dir='ltr'><strong><em>παραδούσης</em></strong></span> <span class='ocrx_word' id='word_1_161' title='bbox 683 2512 746 2602; x_wconf 76' lang='grc' dir='ltr'><strong><em>τὴν</em></strong></span> <span class='ocrx_word' id='word_1_162' title='bbox 787 2514 978 2602; x_wconf 80' lang='grc' dir='ltr'><strong><em>ἐπιμέλειαν</em></strong></span> <span class='ocrx_word' id='word_1_163' title='bbox 1019 2509 1134 2599; x_wconf 77' lang='grc' dir='ltr'><strong><em>ταραχὴ</em></strong></span> 
     </span>
     <span class='ocr_line' id='line_1_23' title="bbox 88 2614 1135 2709; baseline 0.003 -27"><span class='ocrx_word' id='word_1_164' title='bbox 88 2614 105 2684; x_wconf 66' lang='lat' dir='ltr'><strong><em>s.</em></strong></span> <span class='ocrx_word' id='word_1_165' title='bbox 126 2619 233 2707; x_wconf 84' lang='grc' dir='ltr'><strong><em>πολλὴ</em></strong></span> <span class='ocrx_word' id='word_1_166' title='bbox 262 2623 423 2708; x_wconf 84' lang='grc' dir='ltr'><strong><em>γενέσθαι</em></strong></span> <span class='ocrx_word' id='word_1_167' title='bbox 454 2616 538 2690; x_wconf 82' lang='grc' dir='ltr'><strong><em>κατὰ</em></strong></span> <span class='ocrx_word' id='word_1_168' title='bbox 569 2619 632 2709; x_wconf 71' lang='grc' dir='ltr'><strong><em>τὴν</em></strong></span> <span class='ocrx_word' id='word_1_169' title='bbox 666 2621 767 2690; x_wconf 88' lang='grc' dir='ltr'><strong><em>πόλιν</em></strong></span> <span class='ocrx_word' id='word_1_170' title='bbox 800 2618 886 2708; x_wconf 85' lang='grc' dir='ltr'><strong><em>ὅλην</em></strong></span> <span class='ocrx_word' id='word_1_171' title='bbox 920 2623 978 2688; x_wconf 77' lang='grc' dir='ltr'><strong><em>καὶ</em></strong></span> <span class='ocrx_word' id='word_1_172' title='bbox 1015 2619 1135 2708; x_wconf 76' lang='grc' dir='ltr'><strong><em>ζήτησις</em></strong></span> 
     </span>
     <span class='ocr_line' id='line_1_24' title="bbox 126 2724 1134 2817; baseline 0.008 -23"><span class='ocrx_word' id='word_1_173' title='bbox 126 2724 191 2795; x_wconf 82' lang='grc' dir='ltr'><strong><em>ὑπὸ</em></strong></span> <span class='ocrx_word' id='word_1_174' title='bbox 215 2730 283 2796; x_wconf 77' lang='grc' dir='ltr'><strong><em>τῶν</em></strong></span> <span class='ocrx_word' id='word_1_175' title='bbox 308 2730 536 2816; x_wconf 86' lang='grc' dir='ltr'><strong><em>ίεροφαυτεόυ,</em></strong></span> <span class='ocrx_word' id='word_1_176' title='bbox 562 2727 608 2816; x_wconf 78' lang='grc' dir='ltr'><strong><em>μή</em></strong></span> <span class='ocrx_word' id='word_1_177' title='bbox 630 2754 663 2797; x_wconf 90' lang='grc' dir='ltr'><strong><em>τι</em></strong></span> <span class='ocrx_word' id='word_1_178' title='bbox 686 2733 813 2817; x_wconf 91' lang='grc' dir='ltr'><strong><em>μίασμα</em></strong></span> <span class='ocrx_word' id='word_1_179' title='bbox 835 2728 910 2817; x_wconf 81' lang='grc' dir='ltr'><strong><em>περὶ</em></strong></span> <span class='ocrx_word' id='word_1_180' title='bbox 933 2725 972 2796; x_wconf 86' lang='grc' dir='ltr'><strong><em>τό</em></strong></span> <span class='ocrx_word' id='word_1_181' title='bbox 996 2730 1063 2816; x_wconf 82' lang='grc' dir='ltr'><strong><em>πῦρ</em></strong></span> <span class='ocrx_word' id='word_1_182' title='bbox 1083 2727 1134 2811; x_wconf 74' lang='grc' dir='ltr'><strong><em>τῆς</em></strong></span> 
     </span>
     <span class='ocr_line' id='line_1_25' title="bbox 128 2833 1133 2923; baseline -0.002 -23"><span class='ocrx_word' id='word_1_183' title='bbox 128 2836 250 2922; x_wconf 75' lang='grc' dir='ltr'><strong><em>ἱερείας</em></strong></span> <span class='ocrx_word' id='word_1_184' title='bbox 276 2833 435 2921; x_wconf 77' lang='grc' dir='ltr'><strong><em>ἐτύγχανε</em></strong></span> <span class='ocrx_word' id='word_1_185' title='bbox 467 2835 621 2923; x_wconf 90' lang='grc' dir='ltr'><strong><em>γεγονός·</em></strong></span> <span class='ocrx_word' id='word_1_186' title='bbox 653 2841 740 2904; x_wconf 82' lang='grc' dir='ltr'><strong><em>ἔνθα</em></strong></span> <span class='ocrx_word' id='word_1_187' title='bbox 773 2834 816 2923; x_wconf 79' lang='grc' dir='ltr'><strong><em>δή</em></strong></span> <span class='ocrx_word' id='word_1_188' title='bbox 845 2854 929 2922; x_wconf 93' lang='grc' dir='ltr'><strong><em>φασι</em></strong></span> <span class='ocrx_word' id='word_1_189' title='bbox 956 2833 1018 2922; x_wconf 79' lang='grc' dir='ltr'><strong><em>τὴν</em></strong></span> <span class='ocrx_word' id='word_1_190' title='bbox 1046 2837 1133 2920; x_wconf 86' lang='grc' dir='ltr'><strong><em>Αίμι-</em></strong></span> 
     </span>
     <span class='ocr_line' id='line_1_26' title="bbox 89 2934 1132 3031; baseline 0.004 -29"><span class='ocrx_word' id='word_1_191' title='bbox 89 2960 115 3002; x_wconf 80' lang='grc' dir='ltr'><strong><em>οε</em></strong></span> <span class='ocrx_word' id='word_1_192' title='bbox 129 2946 207 3008; x_wconf 90' lang='grc' dir='ltr'><strong><em>λίαν</em></strong></span> <span class='ocrx_word' id='word_1_193' title='bbox 240 2937 393 3010; x_wconf 86' lang='grc' dir='ltr'><strong><em>ἀναίτιον</em></strong></span> <span class='ocrx_word' id='word_1_194' title='bbox 426 2940 488 3029; x_wconf 72' lang='grc' dir='ltr'><strong><em>μέν</em></strong></span> <span class='ocrx_word' id='word_1_195' title='bbox 521 2934 644 3030; x_wconf 83' lang='grc' dir='ltr'><strong><em>οὖσαν,</em></strong></span> <span class='ocrx_word' id='word_1_196' title='bbox 677 2940 917 3031; x_wconf 73' lang='grc' dir='ltr'><strong><em>ἀπορουμένην</em></strong></span> <span class='ocrx_word' id='word_1_197' title='bbox 950 2939 983 3010; x_wconf 87' lang='grc' dir='ltr'><strong><em>δ’</em></strong></span> <span class='ocrx_word' id='word_1_198' title='bbox 1014 2941 1066 3010; x_wconf 79' lang='grc' dir='ltr'><strong><em>ἐπὶ</em></strong></span> <span class='ocrx_word' id='word_1_199' title='bbox 1094 2937 1132 3028; x_wconf 73' lang='grc' dir='ltr'><strong><em>τῷ</em></strong></span> 
     </span>
     <span class='ocr_line' id='line_1_27' title="bbox 128 3045 1133 3139; baseline -0.004 -24"><span class='ocrx_word' id='word_1_200' title='bbox 128 3045 352 3135; x_wconf 86' lang='grc' dir='ltr'><strong><em>συμβεβηκότι</em></strong></span> <span class='ocrx_word' id='word_1_201' title='bbox 384 3047 564 3137; x_wconf 90' lang='grc' dir='ltr'><strong><em>παρόντων</em></strong></span> <span class='ocrx_word' id='word_1_202' title='bbox 595 3053 664 3119; x_wconf 79' lang='grc' dir='ltr'><strong><em>τῶν</em></strong></span> <span class='ocrx_word' id='word_1_203' title='bbox 698 3050 816 3139; x_wconf 83' lang='grc' dir='ltr'><strong><em>ίερέωυ</em></strong></span> <span class='ocrx_word' id='word_1_204' title='bbox 848 3050 904 3118; x_wconf 83' lang='grc' dir='ltr'><strong><em>καὶ</em></strong></span> <span class='ocrx_word' id='word_1_205' title='bbox 935 3052 1006 3119; x_wconf 76' lang='grc' dir='ltr'><strong><em>τῶν</em></strong></span> <span class='ocrx_word' id='word_1_206' title='bbox 1032 3046 1133 3116; x_wconf 86' lang='grc' dir='ltr'><strong><em>ἀλλων</em></strong></span> 
     </span>
     <span class='ocr_line' id='line_1_28' title="bbox 127 3151 1132 3244; baseline -0.003 -23"><span class='ocrx_word' id='word_1_207' title='bbox 127 3154 309 3243; x_wconf 87' lang='grc' dir='ltr'><strong><em>παρθένων</em></strong></span> <span class='ocrx_word' id='word_1_208' title='bbox 338 3151 395 3234; x_wconf 83' lang='grc' dir='ltr'><strong><em>τὰς</em></strong></span> <span class='ocrx_word' id='word_1_209' title='bbox 422 3168 534 3243; x_wconf 81' lang='grc' dir='ltr'><strong><em>χεῖρας</em></strong></span> <span class='ocrx_word' id='word_1_210' title='bbox 563 3156 615 3224; x_wconf 79' lang='grc' dir='ltr'><strong><em>ἐπὶ</em></strong></span> <span class='ocrx_word' id='word_1_211' title='bbox 643 3155 705 3226; x_wconf 87' lang='grc' dir='ltr'><strong><em>τὸν</em></strong></span> <span class='ocrx_word' id='word_1_212' title='bbox 732 3155 850 3244; x_wconf 86' lang='grc' dir='ltr'><strong><em>βωμὸν</em></strong></span> <span class='ocrx_word' id='word_1_213' title='bbox 878 3157 1071 3225; x_wconf 89' lang='grc' dir='ltr'><strong><em>ἐκτείνασαν</em></strong></span> <span class='ocrx_word' id='word_1_214' title='bbox 1097 3154 1132 3220; x_wconf 91' lang='grc' dir='ltr'><strong><em>εί·</em></strong></span> 
     </span>
    </p>
   </div>
   <div class='ocr_carea' id='block_1_4' title="bbox 201 3345 1132 3421">
    <p class='ocr_par' dir='ltr' id='par_1_9' title="bbox 201 3345 1132 3421">
     <span class='ocr_line' id='line_1_29' title="bbox 201 3345 1132 3421; baseline -0.001 -21"><span class='ocrx_word' id='word_1_215' title='bbox 201 3353 235 3402; x_wconf 89' lang='grc'><strong><em>10</em></strong></span> <span class='ocrx_word' id='word_1_216' title='bbox 253 3347 406 3416; x_wconf 81' lang='grc' dir='ltr'><strong><em>γινομένας</em></strong></span> <span class='ocrx_word' id='word_1_217' title='bbox 423 3347 446 3400; x_wconf 93' lang='grc' dir='ltr'>Β</span> <span class='ocrx_word' id='word_1_218' title='bbox 519 3353 551 3401; x_wconf 83' lang='lat'><strong><em>11</em></strong></span> <span class='ocrx_word' id='word_1_219' title='bbox 571 3345 734 3421; x_wconf 82' lang='grc' dir='ltr'><strong><em>&lt;αύ&gt;ξουσι</em></strong></span> <span class='ocrx_word' id='word_1_220' title='bbox 752 3351 776 3404; x_wconf 89' lang='grc' dir='ltr'><strong>Β</strong></span> <span class='ocrx_word' id='word_1_221' title='bbox 848 3356 881 3406; x_wconf 84' lang='grc'><strong><em>17</em></strong></span> <span class='ocrx_word' id='word_1_222' title='bbox 902 3349 977 3405; x_wconf 78' lang='grc' dir='ltr'><strong><em>εἶναι</em></strong></span> <span class='ocrx_word' id='word_1_223' title='bbox 997 3368 1051 3406; x_wconf 89' lang='lat' dir='ltr'><strong><em>om.</em></strong></span> <span class='ocrx_word' id='word_1_224' title='bbox 1069 3347 1132 3403; x_wconf 80' lang='grc' dir='ltr'><strong><em>ΑΒα</em></strong></span> 
     </span>
    </p>
   </div>
   <div class='ocr_carea' id='block_1_5' title="bbox 131 3413 1132 3554">
    <p class='ocr_par' dir='ltr' id='par_1_10' title="bbox 131 3413 1132 3554">
     <span class='ocr_line' id='line_1_30' title="bbox 131 3413 1132 3491; baseline 0.003 -22"><span class='ocrx_word' id='word_1_225' title='bbox 131 3421 165 3469; x_wconf 85' lang='grc'><strong><em>18</em></strong></span> <span class='ocrx_word' id='word_1_226' title='bbox 185 3413 363 3478; x_wconf 84' lang='grc' dir='ltr'><strong><em>ἐκλείποντος</em></strong></span> <span class='ocrx_word' id='word_1_227' title='bbox 375 3418 402 3470; x_wconf 89' lang='grc' dir='ltr'><strong>Α</strong></span> <span class='ocrx_word' id='word_1_228' title='bbox 475 3422 508 3470; x_wconf 83' lang='grc'><strong><em>19</em></strong></span> <span class='ocrx_word' id='word_1_229' title='bbox 528 3419 724 3490; x_wconf 84' lang='grc' dir='ltr'><strong><em>φυλαττούσης</em></strong></span> <span class='ocrx_word' id='word_1_230' title='bbox 741 3420 891 3490; x_wconf 79' lang='grc' dir='ltr'><strong><em>παρθένου</em></strong></span> <span class='ocrx_word' id='word_1_231' title='bbox 906 3420 1036 3491; x_wconf 78' lang='grc' dir='ltr'><strong><em>Αἰμιλίας</em></strong></span> <span class='ocrx_word' id='word_1_232' title='bbox 1053 3415 1132 3488; x_wconf 81' lang='grc' dir='ltr'><strong><em>ὄνομα</em></strong></span> 
     </span>
     <span class='ocr_line' id='line_1_31' title="bbox 131 3482 823 3554; baseline 0.014 -18"><span class='ocrx_word' id='word_1_233' title='bbox 131 3499 153 3530; x_wconf 83' lang='lat' dir='ltr'><strong><em>e.</em></strong></span> <span class='ocrx_word' id='word_1_234' title='bbox 174 3484 328 3540; x_wconf 80' lang='lat' dir='ltr'><strong>Ambrosch</strong></span> <span class='ocrx_word' id='word_1_235' title='bbox 400 3491 435 3539; x_wconf 79' lang='lat'><strong><em>24</em></strong></span> <span class='ocrx_word' id='word_1_236' title='bbox 454 3482 581 3554; x_wconf 88' lang='grc' dir='ltr'><strong><em>αίμιλίαν</em></strong></span> <span class='ocrx_word' id='word_1_237' title='bbox 600 3490 692 3543; x_wconf 83' lang='grc' dir='ltr'><strong><em>αίτιον</em></strong></span> <span class='ocrx_word' id='word_1_238' title='bbox 712 3491 759 3545; x_wconf 69' lang='lat' dir='ltr'><strong><em>Aa</em></strong></span> <span class='ocrx_word' id='word_1_239' title='bbox 776 3490 823 3546; x_wconf 75' lang='lat' dir='ltr'><strong><em>Ba</em></strong></span> 
     </span>
    </p>
   </div>
   <div class='ocr_carea' id='block_1_6' title="bbox 0 0 1208 3928">
    <p class='ocr_par' dir='ltr' id='par_1_11' title="bbox 0 0 1208 3928">
     <span class='ocr_line' id='line_1_32' title="bbox 0 0 1208 3928; baseline 0 0"><span class='ocrx_word' id='word_1_240' title='bbox 0 0 1208 3928; x_wconf 95' lang='lat' dir='ltr'><strong><em> </em></strong></span> 
     </span>
    </p>
   </div>
  </div>
 </body>
</html>
