2396 3918
465 227 631 280 -B—

57 384 122 453 οὔτε
142 383 303 474 ἀρχεσθαι
322 382 516 473 ἀναίνομαι.
552 389 658 472 τιμοῖν
681 389 730 474 δέ,
748 383 788 468 ἀς
805 413 864 475 μοι
886 386 1054 474 προσεθή-

53 518 120 560 κατε
145 489 292 580 ἡγεμόνα
320 518 361 580 με
387 496 524 581 πρῶτον
552 491 785 576 ἀποδείξαντες
809 497 868 582 τής
890 493 1054 580 ἀποικίας,

55 603 150 666 ἔπειτα
170 600 227 668 καλ
250 604 290 690 τή
313 599 410 669 πόλει
434 599 496 688 τήν
519 603 715 688 ἐπωνυμίαν
743 598 793 670 ἐπ’
819 603 903 689 ἐμοῦ
925 601 1054 688 θέντες,

53 702 114 786 ἀλις
135 710 205 794 ἐχω.
248 706 375 788 ταύτας
401 706 466 795 γάρ
496 706 573 777 οὔτε
599 708 744 796 πόλεμος
773 705 954 796 ὑπερόριος
977 705 1054 776 ούτε
1187 719 1188 772 3

54 811 151 892 στάσις
173 811 338 900 ἐμφύλιος
357 812 433 882 οὔτε
453 811 471 883 ὁ
490 813 599 882 πάντα
617 819 794 903 μαραίνων
812 813 852 882 τά
874 812 960 883 καλά
977 813 1054 903 χρό·
1081 843 1094 884 ε
1187 893 1188 906 η

52 944 101 998 νος
121 917 347 1009 ἀφαιρήσεταί
362 946 403 1007 με
428 917 505 988 οὔτε
528 919 612 1007 άλλη
634 919 718 1018 τύχη
737 926 937 1007 παλίγκοτος
960 917 1054 990 ούδε·

54 1030 112 1111 μία·
142 1023 229 1094 ἀλλά
255 1028 311 1094 καλ
335 1029 433 1108 ζῶντι
460 1025 600 1094 καὶτὸν
626 1031 704 1114 βίον
734 1026 902 1097 ἐκλιπόντι
924 1026 1055 1098 τούτων
1187 1021 1188 1026 ¹

55 1129 173 1222 ὑπάρξει
198 1160 257 1220 μοι
275 1136 345 1202 τάν
362 1138 469 1221 τιμῶν
492 1133 581 1223 παρά
600 1133 709 1202 πάντα
727 1133 788 1204 τὸν
807 1132 927 1204 λοιπὸν
946 1139 1054 1206 αίῶνα

56 1238 224 1327 τυγχάνειν.

123 1349 200 1417 ΠΠ.
248 1351 396 1416 Τοιαῦτα
424 1347 486 1435 μὲν
514 1345 532 1416 ὁ
555 1345 726 1436 Ῥωμύλος
757 1349 793 1416 ἐκ
822 1351 962 1436 διδαχῆς
991 1353 1053 1418 τοῦ
1068 1374 1095 1415 ιο

52 1452 305 1542 μητροπάτορος,
332 1450 445 1544 ὥσπερ
469 1459 571 1543 ἔφην,
600 1453 903 1544 ἀπομνημονεύσας
925 1456 963 1525 ἐν
985 1469 1056 1536 τοῖς

50 1559 203 1646 πλήθεσιν
238 1563 357 1643 ἔλεξεν.
413 1565 449 1629 οί
479 1561 516 1630 δέ
548 1561 816 1650 βουλευσάμενοι
852 1560 934 1630 κατὰ
966 1566 1055 1649 σφᾶς

14 1661 162 1749 ιίίαύτούς
194 1669 438 1755 ἀποκρίνονται
474 1666 603 1737 τοιάδε·
641 1666 754 1757 Ἡμεῖς
788 1675 956 1750 πολιτείας
992 1668 1054 1757 μέν

49 1777 155 1861 καινής
187 1771 292 1843 οὐδὲν
330 1772 495 1863 δεόμεθα,
531 1773 593 1862 τήν
630 1774 662 1844 δ’
692 1773 758 1845 ύπὸ
795 1780 864 1845 τεόν
901 1777 1054 1864 πατέρων

49 1881 306 1968 δοκιμασθεῖσαν
335 1879 423 1950 εἶναι
450 1887 630 1969 κρατίστην
656 1883 908 1972 παραλαβόντες
934 1881 975 1952 ού
999 1905 1095 1971 pos-15

48 1990 244 2075 ταταθέμεθα
280 1989 398 2078 γυαίμη
438 2015 474 2057 τε
515 1988 673 2077 ἑπόμενοι
709 1993 778 2059 τῶν
813 1991 1054 2077 παλαιοτέρων,

48 2087 97 2172 οὓς
128 2091 195 2163 ἀπὸ
230 2099 383 2182 μείζονος
416 2095 559 2183 οίόμεθα
591 2096 790 2184 φρονήσεως
821 2093 927 2184 αὐτήν
957 2121 1054 2164 κατα-

48 2199 240 2287 στήσασθαι,
259 2202 317 2269 καλ
335 2201 419 2291 τύχη
438 2201 667 2291 ἀρεσκόμενοι.
709 2201 751 2272 ού
768 2201 833 2293 γὰρ
853 2203 956 2291 τήνδε
975 2228 1055 2289 μεμ-

47 2305 176 2394 ψαίμεθ’
205 2303 249 2375 ἀν
272 2307 419 2395 εἰκότως,
442 2305 464 2396 ἣ
487 2310 651 2398 παρέσχεν
676 2307 759 2398 ήμίν
780 2309 1056 2395 βασιλευομένοις

44 2409 78 2479 τά
104 2415 244 2502 μέγιστα
275 2417 343 2484 τῶν
376 2418 414 2484 ἐν
443 2413 639 2505 ἀνθρώποις
671 2414 824 2503 ἀγαθῶν,
856 2418 1054 2502 ἐλευθερίαν
1068 2437 1096 2478 εο

46 2543 73 2584 τε
98 2520 154 2588 καλ
182 2519 297 2590 ἀλλων
325 2519 443 2611 ἀρχήν.
493 2522 569 2612 περὶ
597 2523 658 2608 μὲν
686 2520 729 2610 δή
756 2527 923 2602 πολιτείας
951 2525 1094 2593 ταῦτα2

47 2625 244 2716 ἐγνώκαμεν·
266 2626 329 2716 τήν
349 2628 387 2696 δέ
409 2627 509 2717 τιμήν
529 2629 655 2716 ταύτην
675 2629 737 2717 ούχ
761 2631 860 2723 ἑτέρφ
883 2630 951 2698 τιυλ
973 2633 1054 2717 μάλ-

48 2738 99 2800 λον
120 2730 141 2821 ή
167 2736 224 2803 σοὶ
246 2734 429 2824 προσήκειν
447 2734 732 2825 ὑπολαμβάνομεν
749 2740 813 2805 τοῦ
829 2763 864 2805 τε
882 2742 1055 2824 βασιλείου

47 2841 157 2922 γένους
181 2843 280 2910 ἕνεκα
297 2843 352 2910 καλ
376 2841 505 2932 ἀρετής,
528 2842 670 2930 μάλιστα
694 2841 726 2910 δ’
749 2841 801 2912 ὅτι
819 2847 878 2930 τῆς
900 2841 1055 2924 ἀποικίας

48 2941 178 3034 ήγεμόνι
205 2947 399 3036 κεχρήμεθά
427 2969 481 3018 σοι
513 2950 569 3017 καλ
595 2948 726 3037 πολλήν
753 2953 915 3038 συνίσμεν
945 2952 1054 3020 δεινό-
1069 2989 1095 3032 25

47 3077 128 3140 ιητα,
151 3053 282 3142 πολλήν
307 3056 346 3125 δέ
369 3064 506 3144 σοφίαν,
530 3055 571 3125 ού
590 3056 680 3148 λόγῳ
699 3060 829 3144 μᾶλλον
849 3054 869 3145 ή
890 3063 975 3150 ἕργςο
995 3085 1055 3146 μα-
1101 3069 1131 3094 ¹¹²

48 3158 167 3242 δόντες.
212 3165 318 3230 ταῦτα
342 3161 360 3232 ὁ
380 3160 550 3252 Ῥωμύλος
573 3163 722 3244 οἰκούσας
746 3162 881 3251 ἀγαπᾶν
903 3164 965 3252 μὲν
990 3170 1054 3252 ἐφη
1148 3217 1154 3228 .

57 3418 63 3438 ‚
88 3362 125 3440 ἱ2
144 3375 179 3426 με
198 3357 302 3414 Reiske
322 3355 412 3429 μένΟ
469 3365 502 3414 15
520 3355 714 3433 ἀπολαβόντες
728 3375 751 3415 ο.
766 3360 910 3429 Kiossling
964 3366 997 3414 1?
1016 3355 1055 3423 ὡς

50 3426 151 3565 ρχρνῖ
167 3431 172 3498 1
196 3426 429 3499 καταστήσεσθαι
452 3429 475 3485 0
539 3437 574 3486 25
593 3429 698 3500 πολλὴν
717 3429 770 3501 μὲν
789 3447 811 3484 ο.
832 3429 940 3485 Grimm
957 3433 962 3500 Ι
978 3434 1054 3486 συνί·
