2412 3912
474 214 641 268 -Α-
1024 214 1065 280 61

69 368 141 441 αάτά
161 377 346 455 καλοῦντες.
383 369 467 440 ἀλλὰ
490 374 554 462 γάρ
577 376 652 463 περὶ
676 370 738 462 μὲν
761 377 829 446 τῶν
853 378 988 444 θυσιῶν
1011 375 1066 443 καὶ
1085 378 1107 441 4

68 482 127 548 τόν
147 477 256 549 ἀλλων
272 483 484 569 ἱερουργιῶν,
507 477 547 562 ἀς
570 477 591 569 ἡ
609 479 782 569 Ῥωμαίων
805 481 902 562 πόλις
916 489 1070 552 συντελεῖ

67 586 138 655 κατά
157 614 191 656 τε
212 586 274 656 τόν
293 584 492 676 Ἑλληνικὸν
514 591 571 658 καὶ
593 588 654 659 τὸν
677 588 857 680 ἐπιχώριον
879 588 1007 674 τρόπον
1030 592 1068 658 ἐν

70 693 155 784 ἑτέρῳ
176 693 267 786 λόγῳ
292 694 505 783 δηλώσομεν,
534 694 686 766 ἀπαιτεῖν
709 697 747 765 δὲ
771 693 789 766 ό
812 695 929 786 παρὼν
951 696 1069 785 καιρός

28 817 55 867 98
70 805 141 868 ἔοικε
170 803 224 868 καί
257 803 334 891 περὶ
365 805 424 891 τῆς
446 800 649 890 Ἡρακλέους
679 802 823 892 ἀφίξεως
850 810 898 885 είς
922 801 1095 872 Ἰταλίανι

68 905 125 994 μετ’
156 907 358 990 ἐπιστάσεως
388 914 545 989 πλείονος
578 912 813 980 διελθεῖνκαὶ
842 919 876 980 εί
898 939 931 980 τι
962 910 1069 997 λόγον

70 1011 148 1094 ἀξιον
171 1003 316 1104 ἔδρασεν
339 1014 463 1085 αὐτόθι
487 1015 531 1104 μὴ
555 1025 765 1106 παραλιπεῖν.

139 1123 342 1191 XXXVIIII.
355 1121 452 1192 ’Ἐστι
467 1123 505 1192 δδ
518 1128 586 1193 τῶν
609 1122 694 1214 ὑπὲρ
707 1129 768 1194 τοῦ
784 1129 946 1212 δαίμονος
967 1128 1068 1194 τοῦδε

67 1229 244 1315 λεγομένων
276 1227 317 1298 τά
349 1228 410 1317 μὲν
443 1229 677 1319 μυθικώτερα,
709 1230 749 1301 τά
782 1229 818 1299 δ’
851 1229 1069 1319 ἀληθέστερα.

66 1330 155 1420 δμλν
183 1327 250 1403 οὖν
277 1335 422 1423 μυθικὸς
448 1340 524 1423 περί
551 1342 610 1425 τῆς
631 1343 818 1425 παρουσίας
841 1336 946 1407 αὐτοῦ
968 1338 1070 1425 λόγος
1084 1362 1109 1401 10
1142 1328 1172 1382 's'

64 1429 115 1508 οἷδ’
139 1447 219 1530 ἔχει·
244 1438 290 1522 ὡς
313 1441 355 1531 δὴ
378 1445 573 1525 κελευσθείς
596 1441 654 1514 ὑπ’
679 1442 887 1534 Εὐρυσθέως
904 1442 1070 1532 Ἡρακλῆς

63 1547 117 1616 σὺν
143 1563 214 1629 τοῖς
247 1548 362 1630 ἀλλοις
393 1548 515 1631 ἀθλοις
544 1553 600 1619 καί
628 1548 686 1631 τάς
713 1550 894 1639 Γηρυόνου
924 1556 1008 1639 βοός
1035 1553 1069 1632 ἐξ

60 1651 228 1743 Ἐρυθείας
251 1663 299 1738 είς
311 1656 434 1745 Ἄργος
457 1656 631 1743 ἀπελάσαι,
654 1658 788 1738 τελέσας
801 1657 861 1726 τὸν
884 1648 994 1726 ἀθλον
1013 1659 1069 1726 καὶ

62 1761 116 1850 τὴν
138 1769 255 1832 οίκαδε
278 1754 418 1854 πορείαν
446 1764 654 1851 ποιούμενος
676 1762 759 1854 άλλγ
782 1791 818 1833 τε
840 1768 988 1852 πολλαχῇ
1010 1769 1070 1851 τῆς

57 1867 188 1952 Ἰταλίας
211 1869 350 1958 ἀφίκετο
364 1874 420 1940 καί
434 1876 493 1959 τῆς
513 1869 734 1961 Ἀβοριγίνων
753 1876 814 1959 γῆς
837 1877 884 1952 είς
906 1870 944 1941 τὸ
967 1891 1069 1958 προσ·
1084 1892 1109 1934 ιο

59 1977 121 2064 εχδς
142 1983 189 2072 τῷ
215 1984 418 2071 Παλλαντίῳ
441 1983 576 2068 χωρίον.
613 1977 722 2066 εὑρὼν
747 1977 784 2046 δὲ
807 1977 895 2047 πόαν
918 1981 955 2047 ἐν
978 1977 1109 2071 αάτῷ2

60 2089 239 2169 βουκολίδα
265 2083 394 2173 πολλὴν
422 2088 477 2154 καὶ
504 2084 627 2173 καλήν,
654 2083 712 2165 τάς
741 2083 803 2173 μὲν
831 2089 914 2171 βοῦς
945 2083 1070 2173 ἀνῆκεν

60 2194 101 2271 είς
130 2191 263 2280 νομὴν,
295 2191 396 2272 αὐτὸς
424 2191 461 2260 δὲ
488 2191 720 2282 βαρυνόμενος
747 2189 812 2261 ἀπο
836 2191 944 2260 κόπου
972 2218 1070 2259 κατα-

60 2300 184 2379 κλιθεὶς
208 2303 334 2368 ἔδωκεν
358 2296 462 2368 αὑτὸν
485 2297 591 2390 ὕπνῳ.
624 2302 661 2368 ἐν
686 2299 724 2368 δὲ
745 2297 853 2390 τούτῳ
876 2297 999 2386 λῃστής
1019 2325 1070 2376 τις

59 2404 232 2493 ίπιχιόριος
268 2403 377 2493 όνομα
412 2404 527 2485 Κάκος
562 2404 796 2493 περιτυγχάνει
835 2416 907 2483 ταῖς
947 2404 1068 2489 βουσίν
1083 2427 1110 2467 νο

59 2507 260 2596 ἀφυλάκτοις
282 2513 482 2599 νεμομέναις
512 2512 568 2580 καὶ
601 2509 714 2580 αὐτῶν
747 2516 853 2596 ἔρωτα
886 2518 979 2597 ίσχει.
1025 2536 1070 2589 ως

61 2616 92 2684 δὲ
113 2617 175 2686 τὸν
200 2616 365 2707 Ἡρακλέα
387 2617 598 2706 κοιμώμενον
628 2617 733 2687 αὐτοῦ
755 2619 960 2706 κατέμαθεν,
987 2613 1069 2684 ἀπά-

62 2742 114 2802 τας
136 2724 201 2811 μὲν
226 2722 288 2792 οὐκ
310 2720 354 2793 ἀν
377 2723 459 2816 ᾤετο
485 2723 657 2792 δύνασθαι
680 2732 801 2793 λαθείν
825 2722 1000 2810 ἀπελάσας,
1014 2725 1069 2792 καί

23 2839 46 2889 99
60 2825 120 2915 ἀμιι
134 2828 217 2898 οὐδὲ
228 2829 350 2920 ῥᾴδιον
361 2827 445 2918 <δν>
455 2830 493 2900 τὸ
508 2833 644 2920 πράγμα
662 2830 932 2918 κατεμάνθανεν·
956 2828 1071 2917 ὀλίγας

60 2937 95 3004 δέ
112 2963 209 3016 τινας
233 2938 266 3017 ἐξ
290 2935 402 3005 αὐτῶν
426 2942 473 3017 είς
495 2935 533 3006 τό
557 2936 695 3025 άντρον,
718 2939 755 3006 ἐν
778 2928 806 3029 ᾦ
828 2942 972 3024 πλησίον
995 2934 1069 3004 όντι
1083 2959 1109 3002 τι

59 3041 213 3130 ἐτύγχανε
240 3039 303 3129 τὴν
332 3046 466 3111 δίαιταν
493 3042 711 3130 ποιούμενος,
743 3040 986 3131 ἀποκρύπτεται
1014 3047 1068 3129 ἐμ

124 3279 141 3328 3
161 3269 235 3327 κατά
253 3292 286 3342 γε
307 3274 358 3328 ΑΒ
439 3280 457 3327 4
481 3270 649 3399 δρλάοιομεν
666 3275 692 3328 A
774 3280 806 3329 15
826 3270 960 3343 προσεχὲς
980 3267 1011 3326 ἐν
1029 3271 1068 3343 τῷ

58 3343 105 3398 AB
182 3340 370 3414 17*βόαςο
446 3351 479 3401 18

59 3431 76 3468 ι.
92 3433 118 3470 v.
139 3410 245 3484 ίανομὴ
320 3422 353 3470 19
373 3410 463 3471 αότόν
481 3417 507 3470 A
566 3422 600 3470 22
620 3410 792 3488 ἀ<ντ>οὗΒ
815 3432 861 3470 om
879 3416 904 3468 R
968 3421 1003 3468 24
1017 3409 1068 3490 δᾴ-

14 3501 15 3536 ι
61 3486 116 3540 διον
135 3479 172 3540 δν
189 3485 303 3556 Usener,
323 3487 411 3543 Cobet
430 3487 495 3542 Obs.
516 3505 543 3557 p.
563 3493 596 3542 29

514 3364 622 3415 κνομην
647 3343 678 3414 0,
697 3361 767 3400 corr.
792 3344 913 3399 Dindorf
932 3343 962 3398 in
985 3343 1067 3398 Thes.
