2404 3918
590 202 755 252 ‚p-

53 358 59 371 “
167 383 220 436 τες
246 354 429 426 ἀπολεῖσθε
457 354 522 426 ὑπὸ
553 357 699 426 τούτων·
737 347 846 440 δείξας
873 356 952 438 τοὺς
978 363 1105 444 ε”χοντας
1126 357 1152 422 τὰ

168 464 257 550 ξίφη.
304 466 444 551 δέχεσθε
469 456 532 532 οὖν
554 462 595 532 τά
619 464 784 552 διδόμενα
801 465 857 534 καὶ
876 469 1010 551 γίνεσθε
1032 461 1090 531 ἀπὸ
1107 467 1152 530 τοτ’·

167 569 296 698 χρόνον
322 574 422 639 τοῦδε
445 569 612 660 Ῥωμαῖοι.
659 576 756 640 δυεῖν
783 569 848 658 γάρ
876 569 1002 657 ἀνάγκη
1029 569 1151 656 θάτερον

167 673 254 763 ὑμᾶς
271 692 381 746 ποιεῖν
401 673 421 766 ή
433 676 564 766 Ρῶμην
580 693 749 748 κατοικεῖν
763 706 784 766 η
769 674 997 766 ”μηδεμιάν
981 679 1087 760 ετέραν
1102 681 1150 761 γῆν

128 750 257 877 ’ἒέχειν
288 787 442 872 πατρίδα.
497 795 622 872 οῖχεται
653 783 718 873 γάρ
751 783 860 854 ’ἕωθεν
894 780 1120 872 ἐκπεμφθεὶς
1107 781 1148 850 ον’

168 891 251 977 ἐμοῦ
269 890 423 978 Μάρκος
428 889 580 980 Οράτιος
602 890 800 979 ἀναιρήσων
821 889 894 980 τήν
902 888 1038 962 πόλιν
1023 893 1107 978 υμῶν
1125 891 1150 956 ἐκ

168 1002 338 1083 θεμελίων
369 998 425 1065 καλ
457 997 536 1078 τοὺς
567 996 773 1086 ἀνθρώπους
805 996 955 1079 ἅπαντας
982 1003 1027 1078 είς
1047 995 1151 1083 Ῥόμην

168 1102 327 1190 μετάξων.
371 1107 476 1174 ταῦτα
504 1096 568 1173 οὖν
592 1103 718 1185 εἰδότες
746 1103 830 1174 ὅσον
857 1103 951 1174 ούπω
974 1103 1152 1191 γενησόμενα

168 1209 346 1279 παύσασθε
381 1216 597 1292 θανατῶντες
636 1213 694 1280 καὶ
730 1225 854 1281 ποιεῖτε
895 1209 936 1280 τά
972 1210 1151 1298 κελευόμενα.

130 1328 156 1366 ¹⁰
168 1320 319 1387 Μέττιον
347 1317 385 1386 δὲ
412 1320 622 1404 Φουφέττιον
650 1316 790 1406 ἀφανῶς
816 1344 852 1387 τε
879 1315 962 1405 ήμῖν
991 1314 1151 1404 ἐπιβουλεύ-

170 1442 275 1492 σαντα
293 1425 349 1492 καλ
369 1422 450 1492 οὐδὲ
468 1428 534 1492 νῦν
554 1423 745 1512 ὀκνήσαντα
764 1426 817 1494 ἐπὶ
830 1423 872 1492 τά
887 1423 974 1494 ὅπλα
993 1424 1071 1504 τοὺς
1083 1450 1146 1506 ταρα-

169 1529 289 1617 χῶδεις
310 1531 367 1599 καλ
391 1529 590 1610 στασιαστὰς
607 1539 723 1600 καλεῖν
745 1530 979 1619 τιμωρήσομαι
1003 1536 1062 1620 τής
1082 1532 1143 1614 κακῆς

130 1637 225 1704 ὁκαὶ
254 1640 373 1706 δολίου
399 1640 509 1725 ψυχῆς
535 1634 644 1718 ἀξίως.
693 1641 797 1706 ταῦτα
828 1639 986 1718 λέξαντος
1009 1636 1107 1706 αύτού
1125 1634 1177 1703 δεῖ.

170 1743 232 1831 μὲν
261 1743 498 1832 ἐρεθιζόμενον
524 1747 583 1830 τής
614 1745 789 1830 ἐκκλησίας
820 1745 922 1833 μέρος
949 1747 1098 1832 ἔπτηξεν,
1120 1737 1154 1810 οἷα

132 1879 158 1918 ιτ
173 1849 215 1939 δή
238 1851 468 1939 κρατούμενον
492 1849 622 1939 ἀνάγκη
646 1848 801 1942 ἀφύκτφ,
826 1850 887 1920 τὸν
911 1849 949 1918 δὲ
976 1852 1155 1939 Φουφέττιον

171 1958 427 2048 ἀγανακτοῦντα
455 1962 503 2028 ἔτι
530 1957 585 2024 καλ
611 1957 795 2043 κεκραγότα
823 1957 932 2046 μόνον
959 1957 1027 2039 τάς.
1047 1984 1079 2027 τε
1100 1977 1157 2024 σοι·

171 2066 281 2154 θήκας
317 2063 608 2152 ἀνακαλούμενον,
649 2059 689 2143 ἃς
725 2061 826 2144 αὐτὸς
862 2067 1045 2154 ἐξηλέγχθη
1080 2090 1158 2150 παρα-

172 2177 343 2260 σπονδῶν,
365 2174 421 2241 καλ
446 2169 519 2240 οὐδ’
545 2173 583 2240 ἐν
605 2184 719 2250 κακοῖς
740 2175 802 2240 τοῦ
824 2171 978 2259 θράσους
1001 2169 1158 2260 ὑφιέμενοι

173 2284 209 2349 ολ
229 2282 414 2366 ῥαβδοῦχοι
437 2276 656 2356 κελεύσαντος
679 2281 739 2346 τοῦ
761 2280 925 2364 βασιλέως
951 2277 1082 2348 Τύλλου
1102 2284 1158 2346 σολ-

133 2411 160 2452 εο
173 2387 335 2474 λαβόντες
360 2387 417 2454 καὶ
443 2384 506 2472 τήν
534 2387 661 2471 ἐσθήτα
688 2383 1029 2472 περικαταρρήξαντες
1051 2388 1158 2468 ἔξαινον

133 2494 153 2557 6
173 2495 210 2564 τδ
235 2499 330 2582 σῶμα
353 2492 486 2582 μάστιξι
508 2491 600 2568 πάνυ
623 2499 769 2570 πολλαῖς
815 2492 885 2560 ἐπεὶ
908 2492 947 2560 δὲ
968 2491 1088 2580 ταύτης
1106 2489 1158 2567 όλις

172 2601 239 2690 εἶχε
274 2607 333 2690 τῆς
369 2605 545 2689 τιμωρίας,
585 2597 853 2685 προσελάσαντες
893 2597 956 2667 δύο
994 2601 1159 2684 συνωρίδας

171 2712 211 2797 τῇ
240 2708 301 2796 μὲν
331 2707 425 2799 ἑτέρη
452 2704 652 2796 προσήρτων
680 2703 759 2786 τούς
786 2709 968 2794 βραχίονας
996 2703 1107 2791 αὐτοῦ,
1130 2706 1158 2789 νή

174 2815 205 2882 δ’
232 2817 327 2906 ἑτέρη
354 2813 433 2894 τοὺς
460 2812 568 2893 πόδας
596 2813 737 2899 ῥυτῆρσι
764 2813 1008 2898 κατεχομένους
1034 2823 1157 2898 μακροῖς·

133 2945 159 2986 25
174 2920 390 2992 ἐλαυνόντων
419 2920 457 2988 δὲ
482 2924 552 2990 τῶν
575 2916 724 3007 ἡνιόχων
752 2915 811 2997 τὰς
834 2922 1026 3004 συνωρίδας
1047 2916 1097 2988 ἀπ’
1117 2914 1157 2982 ἀλ-

174 3030 286 3118 λήλων
315 3026 514 3156 ξαινόμενός
545 3053 580 3094 τε
612 3025 688 3112 περὶ
714 3028 826 3114 τῇ“γή
853 3025 909 3092 καὶ
936 3022 1157 3112 ἀνθελκόμενος

247 3188 399 3246 1τοντωνλ
419 3205 442 3243 υ,
457 3186 626 3272 CobetM3
671 3180 825 3330 >2ύπδΑ
894 3185 1046 3240 3δυεῖνΒ
1063 3183 1156 3239 δυοινλλ

174 3271 189 3320 5
211 3259 269 3319 ε’κει
262 3258 473 3387 nsffipstslgss
535 3259 606 3330 16<
587 3252 691 3342 <ἀφυ>
693 3277 747 3312 κτω
766 3256 789 3309 Β
807 3249 962 3327 ἀφυλάκτῳ
980 3257 1006 3310 R
1061 3262 1088 3310 19
1103 3249 1156 3309 Τύλ

173 3341 223 3389 λου
243 3334 297 3389 del.
348 3331 464 3398 essling
484 3331 487 3397 Ι
509 3323 628 3400 σνλλαβ
596 3331 693 3400 βοντες
716 3327 766 3382 καλ
789 3327 923 3396 om.A
963 3322 1035 3382 23
1021 3326 1154 3408 ετὲραλοελ.

175 3405 324 3458 delendum
344 3405 386 3458 εελ
462 3405 497 3454 24
516 3397 764 3469 κατεχομένουςΒ
788 3399 886 3454 om.R
963 3403 997 3452 26
1016 3381 1085 3471 περλλ
1104 3391 1155 3465 πρὸς

174 3491 197 3527 ο.
216 3473 316 3542 Pfiugk
