2404 3918
144 149 210 214 376
568 181 601 192 ·-
639 153 733 204 Γ·-

238 311 324 378 LVI.
360 309 503 398 Σκάφας
537 314 753 398 ποταμηγοὺς
787 310 844 378 καὶ
880 313 1014 398 σχεδίας
1050 307 1141 392 ξύλων
1170 312 1173 410 β

145 415 240 485 αῦων
262 418 318 486 καὶ
341 416 529 506 φρυγάνων
552 417 732 505 γεμούσας,
760 421 808 486 ἔτι
836 417 875 486 δὲ
903 422 1026 504 πίσσης
1047 417 1143 485 τεκαὶ
1172 410 1173 435 ’

146 529 247 594 θείου
273 523 613 614 παρασκευασάμενος
641 525 694 594 ἐπὶ
721 525 870 614 θατέρου
891 527 961 592 τῶν
984 525 1174 612 ποταμῦνβν,

145 629 224 720 παρ’
247 628 288 700 ὂν
316 630 417 712 αὐτὸς
444 631 751 718 ἐστρατοπεδεύκει,
779 636 890 703 ἔπειτα
913 617 1066 719 φυλάξας
1086 628 1145 698 άντ-

118 765 212 827 εμον
236 737 356 826 οῦριον
383 739 457 828 περὶ
485 737 548 826 τὴν
577 736 727 825 ἑωθινὴν
754 737 909 826 φυλακὴν
935 741 1005 825 πῦρ
1037 740 1144 807 ἐνεῖναι

144 858 218 927 ταῖς
240 843 337 927 ῦλαις
360 847 511 916 ἐκέλευσε
532 847 589 915 καὶ
612 855 769 934 μεθεῖναι
788 845 847 927 τὰς
870 845 1004 934 σκάφας
1027 841 1145 922 καὶτὰς

145 956 279 1040 σχεδίας
306 953 472 1041 φέρεσθαι
498 951 581 1022 πατὰ
609 957 704 1042 βοῦν.
753 955 796 1022 αί
821 953 860 1022 δὲ
882 955 920 1022 ἐν
944 951 1050 1044 ὀλίγφ
1070 949 1143 1020 πάνυ

145 1058 257 1150 χρόνῳ
285 1062 484 1130 διελθοῦσαι
516 1059 578 1128 τόν
603 1058 727 1148 μεταξύ
756 1059 867 1148 πόρον
892 1062 1093 1147 ἐμπίπτουσι
1113 1061 1142 1144 τῇ

105 1166 278 1258 2γεφύρηι
304 1167 360 1235 καὶ
390 1165 602 1237 ἀνάπτουσιν
628 1164 735 1254 αὐτὴν
762 1166 987 1254 πολλαχόθεν.
1035 1165 1140 1234 τῶνδὲ

106 1291 132 1332 1⁰
147 1279 310 1361 Σαβίνων
338 1271 383 1355 ὡς
411 1272 505 1344 εἶδον
537 1273 637 1360 άφνω
664 1272 793 1362 πολλὴν
824 1273 936 1361 φλόγα
969 1272 1139 1362 φερομένην

146 1381 413 1469 συνδραμόντων
442 1380 496 1450 ἐπὶ
518 1379 587 1468 τὴν1
603 1380 771 1468 βοήθειαν
797 1380 853 1450 καὶ
875 1380 988 1448 πάντα
1013 1404 1133 1468 μηχανά

146 1488 259 1574 μόνον
293 1485 356 1556 ὅσα
389 1490 568 1577 σβεστήρια
598 1492 659 1558 τοῦ
691 1485 803 1576 πυρὸς,
829 1478 889 1574 ἦν,
916 1478 999 1569 ἧκεν
1034 1485 1127 1569 δίνο-

145 1593 263 1674 κύνιος
279 1595 355 1681 περὶ
373 1595 433 1664 τὸν
453 1594 586 1685 ὄρθρον
603 1593 696 1682 άγων
715 1595 987 1682 συντεταγμένην
1009 1593 1073 1682 τὴν
1082 1591 1133 1658 Ῥω

146 1704 255 1786 μαίων
284 1700 432 1790 δύναμιν
459 1703 515 1770 καὶ
541 1701 746 1790 προσβαλὼν
777 1703 911 1792 θατίρφ
942 1700 1068 1789 χάρακι
1091 1701 1138 1767 τόν

107 1829 133 1870 15
147 1807 210 1895 μὲν
233 1813 399 1877 πλείστων
421 1807 664 1878 ἐκλελοιπότων
685 1806 745 1889 τάς
767 1807 920 1895 φυλακάς
942 1807 1001 1884 διά
1026 1806 1084 1894 τὴν
1103 1803 1141 1872 ἐπὶ

146 1912 187 1983 τά
208 1915 372 2003 καιόμενα
391 1913 511 2003 ὁρμήν,
528 1912 654 2001 ὀλίγων
672 1915 713 1982 δέ
732 1940 838 1983 τινων
855 1912 941 2003 πρὸς
959 1912 1068 2001 άλιιὴν
1083 1937 1141 1999 τρα-

107 2026 127 2091 3
146 2023 321 2109 πομίνων,
344 2020 505 2111 ἐγκρατὴς
527 2019 634 2090 αῦτοῦ
655 2025 784 2108 γίνεται
809 2025 887 2110 δίχα
907 2019 1029 2091 πόνου.
1074 2006 1142 2107 ἐνῷ

146 2127 185 2196 δὲ
212 2132 315 2198 ταῦτα
343 2127 520 2218 ἐτράπετο
547 2126 659 2220 χρόνῳ
686 2129 743 2197 καὶ
770 2127 831 2198 τὸν
863 2129 978 2216 ἕτερον
1001 2131 1070 2216 τῶν
1090 2131 1142 2194 Σα-

146 2239 255 2320 βίνων
286 2233 415 2323 χάρακα
446 2231 507 2303 τὸν
544 2235 697 2303 ἐπέκεινα
728 2238 791 2303 τοῦ
820 2237 974 2321 ποταμοῦ
1005 2239 1143 2321 κείμενον

108 2361 134 2401 εν
149 2340 243 2429 ἑτέρα
272 2339 415 2428 δύναμις
432 2337 606 2428 Ῥωμαίων
634 2343 826 2410 ἐπελθοῦσα
855 2344 957 2428 αίρεῐ,
985 2338 1006 2429 ἢ
1035 2359 1142 2428 προαπ-

147 2449 283 2516 έσταλτο
320 2447 382 2535 μὲν
421 2443 487 2515 ὑπὸ
529 2451 721 2535 Ταρκυνίου
756 2448 832 2537 περὶ
868 2451 1004 2535 πρῶτον
1039 2445 1143 2526 ὕπνον,

148 2553 344 2640 διεληλύθει
372 2553 410 2622 δὲ
436 2551 497 2622 τὸν
521 2555 558 2622 ἐκ
579 2557 648 2622 τῶν
679 2557 774 2624 δυεῖν
797 2557 956 2641 ποταμῶν
979 2555 1040 2623 ἕνα
1062 2547 1172 2640 γενό-ννν

147 2686 252 2746 μενον
281 2663 318 2728 ἐν
347 2659 491 2746 σκάφαις
517 2659 572 2728 παὶ
599 2663 748 2747 σχεδίαις
772 2657 853 2728 καθ’
880 2655 897 2726 ὃ
926 2660 1029 2748 μέρος
1048 2682 1142 2746 περαι-

147 2767 275 2853 ουμένη
303 2765 468 2852 λήσεσθαι
497 2771 610 2855 ἔμελλε
636 2765 716 2848 τοὺς
738 2769 928 2854 Σαβίνους,
955 2773 1095 2854 πλησίον
1114 2759 1142 2828 δὲ

106 2892 133 2934 2⁵
146 2876 205 2960 της
233 2872 345 2960 ἑτέρας
377 2873 527 2961 ἐγεγόνει
554 2878 767 2962 παρεμβολῆς
794 2871 862 2962 άμα
891 2877 938 2967 τῷ
967 2873 1140 2942 θεάσασθαι

147 2977 210 3065 τὴν
233 2980 385 3066 γέφυραν
409 2981 607 3069 καιομένην·
634 2985 734 3050 τοῦτο
757 2979 822 3068 γάρ
845 2972 889 3067 ἦν
912 2976 998 3069 αὐτῇ
1019 2978 1057 3048 τό
1079 2975 1141 3045 σύν·

219 3216 235 3265 2
258 3211 344 3265 θείου
367 3229 399 3265 τε
422 3209 472 3264 ναὶ
493 3212 595 3278 πίσσης
618 3210 640 3266 Ο
668 3212 781 3280 praeter
802 3209 826 3264 B
906 3218 940 3267 13
964 3207 1041 3281 ἄγων
1062 3223 1138 3265 σνντε·

146 3279 290 3348 ταγμένην
308 3280 331 3333 Β
350 3297 374 3334 σ.
389 3276 507 3349 α”γωνὶδ
562 3286 595 3335 15
613 3281 663 3335 παλ
682 3278 730 3336 διά
746 3283 769 3336 Β
825 3289 859 3337 17
877 3280 1006 3338 πόνουΒ
1024 3275 1136 3360 πάνωτβ

148 3355 182 3404 20
202 3351 277 3416 αἴρει
295 3351 321 3403 Α
344 3349 399 3406 def.
420 3351 541 3422 Sylburg
618 3358 652 3407 22
676 3353 758 3408 δυεῖν
780 3350 803 3405 Β
826 3355 908 3408 δυοῖν
931 3355 957 3408 R
1031 3358 1063 3408 23
1079 3365 1136 3420 γινν·

149 3437 235 3486 μενον
255 3418 277 3469 Β
294 3421 298 3486 l
314 3415 391 3474 καθὸ
411 3423 436 3475 A
509 3430 545 3477 24
561 3418 628 3486 τούς
646 3425 790 3496 Σαβίνους
810 3421 905 3492 ἔμελλε
924 3424 947 3477 Β
