2408 3928
459 221 626 273 -Γ-

51 375 244 465 ἠξιωμένων,
282 375 417 448 ἀπιέναι
457 375 537 459 τοὺς
568 374 754 466 Ῥωμαίους
795 381 969 450 έιὶέλευσεν
1007 407 1052 462 ως

51 483 307 574 παραβεβηκότας
328 483 387 566 τὰς
405 482 587 574 ὁμολογίας
604 486 661 554 καὶ
678 499 838 576 προεῖπεν
857 484 973 569 αὐτοῖς
990 484 1051 556 τὸν

51 590 193 680 πόλεμον.
237 591 528 681 ἀπαλλαττόμενος
560 592 599 662 δέ
632 591 650 662 ὁ
679 598 739 681 τῆς
768 598 946 683 πρεσβείας
976 589 1052 682 ἠγε-

52 694 112 783 μάν
141 697 231 768 τοῦτ’
261 697 405 787 ἠξίωσεν
440 697 586 768 άαοῦσαι
617 696 696 790 παρ’
726 697 833 770 αὑτοῦ
865 698 990 787 μόνον,
1022 704 1054 768 εί
1062 695 1070 758 '1
1118 756 1121 762 .

52 811 257 894 παραβαίνειν
288 804 347 888 τὰς
384 803 534 887 σπονδάς
566 803 727 893 ὁμολογεῖ
759 805 839 888 τοὺς
870 807 1079 895 προτέρουςο
1126 877 1127 882 ,

53 913 236 999 αίτηθέντας
259 917 353 996 δίκας
374 914 430 983 καὶ
453 913 560 1003 μηδὲν
583 909 833 1002 ὑπομείναντας
849 927 962 983 ποιεῖν
983 916 1052 982 τοῖν

15 1013 152 1088 ιεεὸσίων.
196 1017 468 1108 ὁμολογήσαντος
491 1020 530 1089 δέ
551 1023 614 1088 τοῦ
637 1024 810 1090 Κλοιλίου
825 1019 1052 1110 Μαρτύρομαι
1071 1006 1092 1072 5

52 1130 161 1212 τοίνυν,
188 1131 262 1215 ἔφη,
284 1125 364 1209 τοὺς
386 1127 501 1215 θεοὺς,
525 1124 585 1209 οὑς
609 1128 839 1217 ἐποιησάμεθα
861 1130 930 1196 τῶν
950 1145 1052 1196 σπον-

55 1233 107 1298 δῶν
127 1231 311 1323 μάρτυρας,
330 1231 383 1302 ὅτι
400 1231 578 1322 Ῥωμαίοις
600 1231 643 1304 οὑ
659 1238 800 1322 τυχοῦσι
822 1237 892 1303 τῶν
911 1237 1052 1302 δικαίων

55 1341 210 1428 προτέροις
237 1337 331 1421 ὅσιος
358 1338 376 1410 ὃ
404 1338 487 1410 αατά
514 1343 584 1410 τοῖν
610 1339 838 1430 παραβάντων
864 1339 924 1422 τὰς
950 1359 1053 1411 σπου·
1067 1363 1093 1404 ιο

54 1439 100 1523 βάς
118 1445 263 1534 πόλεμος
287 1451 389 1532 ἔσται,
409 1451 444 1516 οί
466 1447 504 1516 δέ
520 1447 725 1535 πεφευγότες
742 1451 842 1518 τοῦτο
860 1444 899 1517 τὸ
919 1451 1053 1518 δίκαιον

50 1546 128 1636 ὑμεῖς
150 1554 236 1638 έστε,
261 1549 306 1633 ὑς
329 1550 478 1622 αὐτὰτὰ
501 1559 581 1643 ἔργα
605 1557 712 1640 δηλοῖ.
753 1553 915 1643 πρότεροί
935 1580 970 1623 τε
988 1553 1053 1643 γάρ

50 1660 231 1744 αἰτηθέντες
252 1656 290 1728 τὸ
315 1662 449 1728 δίκαιον
473 1658 535 1748 οὐχ
556 1658 714 1749 ὑπέσχετε
732 1661 788 1730 καὶ
806 1660 973 1751 πρότερον
991 1659 1052 1730 τὸν

48 1763 183 1852 πόλεμον
210 1763 293 1853 ἠμλν
320 1765 548 1856 προειρήκατε.
597 1768 770 1857 τοιγάρτοι
797 1765 878 1850 τοὺς
904 1766 1054 1856 ἀμυνου-

48 1872 158 1955 μένους
185 1870 274 1961 ὑμάς
298 1876 530 1963 προσδέχεσθε
557 1873 638 1963 μετά
664 1879 735 1944 τῶν
767 1872 882 1944 ὅπλων
915 1873 978 1944 οὐκ
1006 1879 1054 1958 είς
1068 1905 1095 1947 ιε

49 1979 176 2068 μακράν.
224 1984 330 2051 ταῦτα
362 1979 453 2070 παρὰ
484 1985 554 2051 τῶν
586 1985 803 2073 πρεσβευτῶν
835 1980 1093 2069 άφιαομέυων6

48 2088 86 2164 είς
102 2083 233 2175 Ῥώμην
260 2085 408 2169 άιιοὺσας
439 2086 458 2157 ὁ
491 2087 634 2175 Ίὺλλος,
662 2087 738 2158 τότε
767 2085 847 2168 τοὺς
870 2085 1055 2175 Ἀλβανοὺς

48 2192 219 2280 προσάγειν
238 2195 390 2265 ἐκέλευσε
408 2196 559 2283 καὶπερὶ
583 2187 632 2264 ὦν
650 2193 771 2284 ἠνουσι
789 2200 909 2282 λέγειν.
950 2193 1054 2282 άπαγ-

47 2299 222 2382 γειλάντων
250 2298 282 2367 δ’
308 2299 421 2371 αὐτῶν
451 2299 515 2371 ὅσα
542 2301 745 2389 προσέταξεν
773 2297 791 2369 ὁ
815 2307 976 2381 Κλοίλιος
997 2301 1054 2368 καί

48 2402 97 2472 τὸν
118 2405 268 2494 πόλεμον
290 2405 521 2478 ἀπειλούντων
545 2411 577 2476 εί
598 2405 643 2495 μή
666 2405 839 2489 τεύξονται
865 2411 925 2494 τής
947 2410 1053 2494 δίκης,
1068 2430 1094 2471 εο

45 2505 117 2597 Ἐγὼ
139 2511 302 2602 πρότερος
324 2513 436 2602 ὑμῶν,
461 2520 541 2603 ἔφη,
563 2518 664 2583 τοῦτο
686 2519 850 2601 πεποίηκα
867 2515 923 2582 καί
946 2513 1054 2601 μηδέν

49 2614 221 2708 εὑρόμενος
244 2611 292 2688 ὧν
316 2623 472 2691 έαέλευον
500 2625 538 2689 αί
559 2619 732 2710 συνθῆκαι
777 2673 1054 2690 ......

49 2727 233 2809 [φαίνονται
256 2725 334 2816 παρ’
360 2725 458 2815 ὑμῶν
488 2730 662 2817 προτέρων
690 2718 789 2799 αὗται
816 2727 996 2815 λελυμέναι
1018 2755 1055 2797 τε

48 2832 96 2900 καὶ
120 2832 267 2922 μηδενὸς
293 2833 399 2922 λόγου
426 2832 622 2923 ἠξιωμέναι·
655 2833 740 2904 ὅθεν
774 2832 830 2922 δὴ]
863 2832 925 2903 τὸν
952 2833 1055 2921 αἰναγ-

15 2939 140 3009 ιεεκαϊόν
162 2968 197 3009 τε
220 2942 278 3009 καὶ
301 2945 434 3010 δίκαιον
454 2939 630 3028 Ἀλβανοῖς
651 2944 869 3031 παραγγέλλω
895 2939 1053 3030 πόλεμον.
1068 2961 1094 3003 25

126 3049 199 3116 IIII.
236 3046 332 3118 Μετὰ
356 3047 394 3116 δέ
416 3046 476 3128 τὰς
497 3047 684 3138 προφάσεις
705 3048 828 3128 ταύτας
850 3048 1054 3134 παρεσκευά-

113 3279 211 3343 1τοὺς
229 3278 362 3351 ὅωμαίων
382 3279 405 3336 0
425 3297 494 3336 corr.
510 3279 633 3351 Sylburg
706 3286 740 3336 10
758 3277 905 3352 προτέροις
924 3276 1053 3334 αἰτοῦσιν

52 3363 71 3400 ο.
88 3349 217 3407 Bsleheler
273 3355 307 3405 14
325 3346 522 3423 ἀμυνομένους
540 3351 592 3406 AB
652 3357 686 3406 22
705 3353 783 3408 uncis
802 3351 912 3406 incluta,
935 3365 989 3405 om.
1004 3349 1053 3405 AB

53 3434 106 3474 cum
126 3423 217 3493 spatio
238 3423 427 3494 hemiversus,
450 3425 505 3480 def.
529 3423 617 3479 Cobet
640 3421 705 3478 obs.
729 3440 757 3492 p.
777 3427 810 3478 ⁶6
857 3439 864 3446 ’
890 3425 924 3474 25
943 3439 1053 3490 παραγ-

52 3488 124 3555 γέλλω
142 3495 164 3548 Β
182 3490 344 3565 ἀπαγγέλλω
363 3497 389 3548 Α

97 3598 189 3643 mom.
204 3602 269 3644 Ηεα.
282 3602 301 3646 Ι,
320 3612 359 3644 ιο.
373 3603 476 3645 λεοοετ.
858 3584 890 3633 18
