2404 3918
139 195 204 266 382
562 199 729 251 -Γ-

137 363 194 429 καλ
216 364 276 448 τῆς
294 366 502 448 συγγενείας,
524 348 565 447 ής
583 354 650 446 εἶχε
668 355 755 446 πρὸς
771 354 808 426 τὸ
828 361 943 443 ἔθνος,
966 354 1152 444 ύπομιμνη-
1192 419 1193 422 ,

138 467 291 537 σκόνταν
315 470 353 536 ἓν
374 470 475 536 τοῦτο
499 465 608 554 μόνον
632 469 697 553 ἔφη
726 462 805 553 παρ’
831 459 944 532 αύτύν
967 462 1153 550 βούλεσθαι

138 583 279 663 μαθείν,
301 573 446 663 πότερον
470 577 518 642 ἔτι
542 574 763 662 διαφέρονται
789 572 866 660 περὶ
892 574 963 639 τῶν
990 578 1079 639 ίσων
1102 571 1154 638 καὶ

139 682 192 750 ἐπὶ
211 683 325 770 ῥητοῖς
341 700 410 749 τισι
427 678 487 762 τάς
499 683 576 769 περὶ
591 683 652 768 τῆς
670 677 808 768 εἰρήνης
825 675 1008 766 ὁμολογίας
1020 676 1153 765 πάρεισι

111 787 373 876 οποιησόμενοι,
407 783 429 876 ἢ
462 786 756 875 συγγινώσκουσιν
792 787 925 866 ἑαυτοῖς
954 787 1153 872 κεκρατημί

138 921 213 975 νοις
234 896 290 964 καὶ
312 893 372 976 τὰς
392 892 508 974 πόλεις
529 895 767 981 ἐπιτρέπουσιν
789 891 889 986 αύτῷ.
929 888 1151 980 ἀποκριναμί

139 1027 210 1070 νων
234 999 265 1069 δ’
292 999 405 1070 αύτῶν
428 997 483 1070 ὅτι
504 1003 561 1070 καὶ
583 998 642 1080 τάς
662 999 778 1080 πόλεις
800 1000 1039 1089 ἐπιτρέπουσιν
1065 995 1151 1090 αὐτῷ

137 1108 193 1176 καὶ
215 1105 277 1196 τὴν
300 1107 441 1197 εἰρήνην
465 1109 661 1195 στέρξουσιν
685 1105 739 1194 ἐφ’
766 1101 817 1187 οἷς
839 1103 883 1174 ἀν
905 1131 986 1176 ποτε
1011 1109 1150 1184 δικαίοις
1194 1135 1195 1174 ι

138 1212 241 1302 αύτής
279 1213 420 1301 τύχωσι,
463 1210 645 1302 περιχαρής
691 1214 745 1282 ἐπὶ
785 1213 919 1293 τούτοις
959 1212 1148 1300 γενόμενος,

97 1292 310 1419 1Ξίίκούσατε
333 1325 415 1406 νύν,
438 1326 579 1409 ἔφησεν,
602 1318 656 1408 ἐφ’
682 1315 734 1400 οἷς
754 1319 985 1407 καταλύσομαι
1009 1317 1073 1388 τὸν
1095 1319 1145 1386 πό-

136 1437 241 1516 λεμον
268 1432 413 1508 δικαίοις
438 1429 495 1496 καὶ
520 1433 617 1508 τίνας
642 1424 726 1516 ύμῖν
756 1431 887 1514 δίδωμί
903 1429 1059 1516 χάριτας·
1090 1424 1140 1513 έγύ

142 1538 327 1623 Τυρρηνόν
355 1533 432 1603 ούτε
458 1532 655 1604 ἀποκτεῖναί
680 1561 757 1604 τινα
779 1532 959 1623 πρόθυμός
980 1539 1056 1621 είμι
1077 1532 1134 1602 οὕτε

137 1639 275 1729 φυγάδα
305 1646 446 1729 ποιήσαι
480 1645 540 1728 τῆς
570 1645 733 1729 πατρίδος
764 1639 842 1712 ούτε
873 1640 1056 1730 ἀφαιρέσει
1087 1643 1140 1709 τόν
1195 1599 1196 1676 δ

137 1746 358 1838 ὑπαρχόντων
382 1752 543 1836 ζημιῶσαι
564 1748 625 1828 τύς
646 1775 682 1817 τε
699 1747 814 1829 πόλεις
835 1745 919 1836 ὑμῖν
942 1746 1071 1836 ἀφίημι
1094 1747 1146 1816 πά-

97 1875 123 1916 15
138 1876 198 1937 σας
220 1853 459 1946 ἀφρουρήτους
480 1855 536 1924 καὶ
559 1853 836 1945 ἀφορολογήτους
859 1856 915 1924 καὶ
938 1853 1150 1943 αὐτονόμους

136 1969 305 2044 πολιτείας
325 1989 362 2032 τε
383 1961 513 2050 κόσμον
541 1960 662 2051 ἑκάστη
690 1962 872 2050 φυλάττειν
900 1965 1067 2051 συγχωρῶ
1097 1960 1150 2031 τὸν

97 2068 288 2158 3ἀρχαῑον.
335 2067 454 2150 δαλοὺς
476 2068 515 2137 δὲ
536 2066 639 2138 ταῦθ’
664 2066 747 2157 ὑμίν
770 2072 809 2137 ἓν
832 2077 945 2157 οἴομαι
970 2071 1043 2140 δεῖν
1069 2067 1149 2138 ἀνθ’
1196 2091 1197 2104 ’

138 2167 187 2245 ὧν
211 2179 334 2264 δίδωμι
351 2175 489 2245 πάντων
511 2173 655 2264 ὑπάρξαι
678 2203 737 2264 μοι
755 2174 835 2265 παρ’
855 2174 969 2265 ὑμῶν,
991 2174 1055 2264 τήν
1081 2175 1150 2264 ἡγε-

137 2287 261 2369 μονίαν
287 2285 356 2352 τῶν
378 2282 527 2369 πόλεων,
558 2274 599 2370 ής
626 2283 744 2371 κύριος
775 2283 838 2371 μέν
870 2289 988 2372 ἔσομαι
1017 2287 1077 2354 καὶ
1105 2284 1190 2374 μήοοε

97 2411 123 2452 εν
136 2391 356 2478 βουλομένων
383 2387 493 2478 ὑμῶν·
508 2391 572 2470 ἕως
603 2385 648 2459 ἀν
674 2394 785 2479 κρατῶ
812 2404 883 2472 τοῖς
911 2389 1043 2479 ὅπλοις,
1072 2392 1148 2480 παρ’

136 2496 285 2566 ἑκόντων
304 2497 343 2566 δὲ
360 2500 491 2585 μᾶλλον
509 2492 531 2584 ή
549 2494 628 2584 παρ’
645 2495 799 2566 ἀκόντων
816 2511 931 2586 τυχεῖν
949 2497 1055 2588 αύτής
1071 2500 1149 2588 βού-

135 2612 244 2690 λομαι.
289 2602 382 2674 ταῦτ’
407 2602 629 2692 ἀπαγγέλλετε
650 2617 724 2685 ταῖς
744 2604 896 2691 πόλεσιν,
919 2604 985 2693 ἐγὼ
1009 2607 1048 2676 δδ
1070 2606 1150 2695 ύμῖν

135 2713 318 2800 ἐκεχειρίαν
343 2712 405 2792 ἕως
427 2707 470 2780 ἀν
493 2709 664 2798 ἀφίκησθε
686 2713 842 2800 παρέξειν
866 2709 1105 2801 ὑπισχνοῦμαι.

225 2819 308 2886 LXI„
344 2816 473 2896 Ταύτας
499 2815 660 2903 λαβόντες
687 2821 724 2886 οί
748 2820 905 2906 πρέσβεις
931 2817 991 2898 τάς
1012 2816 1145 2907 ἀποκρί

95 2955 121 2996 ιο
135 2946 205 3005 οεις
236 2922 365 3017 ᾤχοντο
404 2923 460 2993 καὶ
496 2922 566 3012 μετ’
602 2923 719 3011 ὀλίγας
753 2920 878 3013 ἡμέρας
913 2927 1067 3014 παρῆσαν
1104 2924 1144 2993 ού

134 3031 259 3119 λόγους
285 3029 375 3125 αύτῷ
403 3028 512 3118 μόνον
543 3033 705 3118 φέροντες
736 3030 872 3117 ψιλούς,
904 3029 991 3100 ἀλλά
1020 3032 1073 3100 καλ
1106 3030 1144 3098 τὰ

206 3235 222 3284 2
246 3223 316 3298 παρ’
341 3223 436 3284 αύτάν
460 3222 617 3299 βούλεσθαι
639 3227 662 3281 Β
689 3229 714 3297 β.
737 3221 808 3296 παρ’
832 3193 928 3283 αύτάν
950 3229 977 3283 R
1061 3231 1076 3280 3
1100 3222 1142 3281 ἔτ’

137 3299 178 3354 ἔτι
198 3302 223 3354 Δ
287 3293 399 3372 θαύτῷ
417 3299 443 3352 R
466 3293 607 3370 έκείνφΒ
674 3303 707 3353 10
725 3297 792 3372 νῦν]
814 3289 865 3354 οὖν
891 3317 915 3355 ο.
933 3298 1058 3355 Hertleiu
1073 3297 1143 3353 Her·

135 3387 195 3424 mes
213 3369 239 3423 X
257 3387 285 3438 p.
305 3374 357 3422 412
430 3373 463 3422 23
485 3363 744 3439 λ<κιι>εχειρίανΒ
816 3375 851 3426 26
869 3366 904 3424 τά
925 3372 1022 3428 om.A
