<?xml version="1.0" encoding="UTF-8"?>
<!DOCTYPE html PUBLIC "-//W3C//DTD XHTML 1.0 Transitional//EN"
    "http://www.w3.org/TR/xhtml1/DTD/xhtml1-transitional.dtd">
<html xmlns="http://www.w3.org/1999/xhtml" xml:lang="en" lang="en">
 <head>
  <title>
</title>
<meta http-equiv="Content-Type" content="text/html;charset=utf-8" />
  <meta name='ocr-system' content='tesseract 3.04.00' />
  <meta name='ocr-capabilities' content='ocr_page ocr_carea ocr_par ocr_line ocrx_word'/>
</head>
<body>
  <div class='ocr_page' id='page_1' title='image "./antiquitatumrom00jacogoog_0134.png"; bbox 0 0 2396 3918; ppageno 0'>
   <div class='ocr_carea' id='block_1_1' title="bbox 551 185 718 236">
    <p class='ocr_par' dir='ltr' id='par_1_1' title="bbox 551 185 718 236">
     <span class='ocr_line' id='line_1_1' title="bbox 551 185 718 236; baseline -0.006 -13"><span class='ocrx_word' id='word_1_1' title='bbox 551 185 718 236; x_wconf 65' lang='lat' dir='ltr'>..A-</span> 
     </span>
    </p>
   </div>
   <div class='ocr_carea' id='block_1_2' title="bbox 87 338 1180 3104">
    <p class='ocr_par' dir='ltr' id='par_1_2' title="bbox 124 338 1105 432">
     <span class='ocr_line' id='line_1_2' title="bbox 124 338 1105 432; baseline -0.009 -20"><span class='ocrx_word' id='word_1_2' title='bbox 124 341 306 432; x_wconf 87' lang='grc' dir='ltr'><strong><em>τριάκοντα</em></strong></span> <span class='ocrx_word' id='word_1_3' title='bbox 328 344 384 411; x_wconf 82' lang='grc' dir='ltr'><strong><em>καὶ</em></strong></span> <span class='ocrx_word' id='word_1_4' title='bbox 406 346 634 432; x_wconf 79' lang='grc' dir='ltr'><strong><em>τετρακοσίοις</em></strong></span> <span class='ocrx_word' id='word_1_5' title='bbox 655 338 866 431; x_wconf 76' lang='grc' dir='ltr'><strong><em>ὑστεροῦσαν</em></strong></span> <span class='ocrx_word' id='word_1_6' title='bbox 892 343 960 410; x_wconf 77' lang='grc' dir='ltr'><strong><em>τῶν</em></strong></span> <span class='ocrx_word' id='word_1_7' title='bbox 976 338 1105 408; x_wconf 76' lang='grc' dir='ltr'><strong><em>Ἰλιακῶν.</em></strong></span> 
     </span>
    </p>

    <p class='ocr_par' dir='ltr' id='par_1_3' title="bbox 126 441 1137 754">
     <span class='ocr_line' id='line_1_3' title="bbox 126 441 1137 539; baseline -0.006 -21"><span class='ocrx_word' id='word_1_8' title='bbox 126 447 144 518; x_wconf 87' lang='grc' dir='ltr'><strong><em>ό</em></strong></span> <span class='ocrx_word' id='word_1_9' title='bbox 170 449 208 518; x_wconf 77' lang='grc' dir='ltr'><strong><em>δέ</em></strong></span> <span class='ocrx_word' id='word_1_10' title='bbox 235 449 359 537; x_wconf 92' lang='grc' dir='ltr'><strong><em>χρόνος</em></strong></span> <span class='ocrx_word' id='word_1_11' title='bbox 387 441 485 530; x_wconf 83' lang='grc' dir='ltr'><strong><em>οὗτος</em></strong></span> <span class='ocrx_word' id='word_1_12' title='bbox 513 447 758 539; x_wconf 73' lang='grc' dir='ltr'><strong><em>ἀναμετρηθεὶς</em></strong></span> <span class='ocrx_word' id='word_1_13' title='bbox 780 463 853 530; x_wconf 73' lang='grc' dir='ltr'><strong><em>ταῖς</em></strong></span> <span class='ocrx_word' id='word_1_14' title='bbox 872 447 1137 536; x_wconf 68' lang='grc' dir='ltr'><strong><em>Ἐρατοσθένουςὶθ</em></strong></span> 
     </span>
     <span class='ocr_line' id='line_1_4' title="bbox 126 552 1108 646; baseline -0.009 -19"><span class='ocrx_word' id='word_1_15' title='bbox 126 562 392 646; x_wconf 70' lang='grc' dir='ltr'><strong><em>χρονογραφίαις</em></strong></span> <span class='ocrx_word' id='word_1_16' title='bbox 418 555 502 626; x_wconf 84' lang='grc' dir='ltr'><strong><em>κατὰ</em></strong></span> <span class='ocrx_word' id='word_1_17' title='bbox 528 555 567 627; x_wconf 83' lang='grc' dir='ltr'><strong><em>τὸ</em></strong></span> <span class='ocrx_word' id='word_1_18' title='bbox 599 560 735 643; x_wconf 75' lang='grc' dir='ltr'><strong><em>πρῶτον</em></strong></span> <span class='ocrx_word' id='word_1_19' title='bbox 763 562 836 637; x_wconf 83' lang='grc' dir='ltr'><strong><em>ἔτος</em></strong></span> <span class='ocrx_word' id='word_1_20' title='bbox 867 561 975 625; x_wconf 87' lang='grc' dir='ltr'><strong><em>πίπτει</em></strong></span> <span class='ocrx_word' id='word_1_21' title='bbox 999 557 1050 640; x_wconf 81' lang='grc' dir='ltr'><strong><em>της</em></strong></span> <span class='ocrx_word' id='word_1_22' title='bbox 1071 552 1108 636; x_wconf 84' lang='grc' dir='ltr'><strong><em>ἑβ</em></strong></span> 
     </span>
     <span class='ocr_line' id='line_1_5' title="bbox 127 653 1110 754; baseline 0.002 -21"><span class='ocrx_word' id='word_1_23' title='bbox 127 664 235 752; x_wconf 89' lang='grc' dir='ltr'><strong><em>δόμης</em></strong></span> <span class='ocrx_word' id='word_1_24' title='bbox 259 663 477 754; x_wconf 75' lang='grc' dir='ltr'><strong><em>ὀλυμπιάδος.</em></strong></span> <span class='ocrx_word' id='word_1_25' title='bbox 514 663 566 734; x_wconf 83' lang='grc' dir='ltr'><strong><em>ὅτι</em></strong></span> <span class='ocrx_word' id='word_1_26' title='bbox 586 664 626 732; x_wconf 90' lang='grc' dir='ltr'><strong><em>δέ</em></strong></span> <span class='ocrx_word' id='word_1_27' title='bbox 642 669 730 733; x_wconf 89' lang='grc' dir='ltr'><strong><em>είσιν</em></strong></span> <span class='ocrx_word' id='word_1_28' title='bbox 748 667 784 732; x_wconf 83' lang='grc' dir='ltr'><strong><em>οί</em></strong></span> <span class='ocrx_word' id='word_1_29' title='bbox 798 663 942 743; x_wconf 87' lang='grc' dir='ltr'><strong><em>κανόνες</em></strong></span> <span class='ocrx_word' id='word_1_30' title='bbox 959 659 1061 748; x_wconf 69' lang='grc' dir='ltr'><strong><em>ὑμεῖς,</em></strong></span> <span class='ocrx_word' id='word_1_31' title='bbox 1076 653 1110 735; x_wconf 71' lang='grc' dir='ltr'><strong><em>οἷς</em></strong></span> 
     </span>
    </p>

    <p class='ocr_par' dir='ltr' id='par_1_4' title="bbox 87 764 1114 967">
     <span class='ocr_line' id='line_1_6' title="bbox 87 764 1112 861; baseline -0.011 -17"><span class='ocrx_word' id='word_1_32' title='bbox 87 804 100 844; x_wconf 81' lang='grc' dir='ltr'><strong><em>ι</em></strong></span> <span class='ocrx_word' id='word_1_33' title='bbox 125 771 370 860; x_wconf 75' lang='grc' dir='ltr'><strong><em>Ἐρατοσθένης</em></strong></span> <span class='ocrx_word' id='word_1_34' title='bbox 402 775 573 861; x_wconf 87' lang='grc' dir='ltr'><strong><em>κέχρηται,</em></strong></span> <span class='ocrx_word' id='word_1_35' title='bbox 610 773 666 841; x_wconf 81' lang='grc' dir='ltr'><strong><em>καί</em></strong></span> <span class='ocrx_word' id='word_1_36' title='bbox 697 774 768 852; x_wconf 78' lang='grc' dir='ltr'><strong><em>πῶς</em></strong></span> <span class='ocrx_word' id='word_1_37' title='bbox 798 770 843 839; x_wconf 82' lang='grc' dir='ltr'><strong><em>ἀν</em></strong></span> <span class='ocrx_word' id='word_1_38' title='bbox 874 798 925 851; x_wconf 87' lang='grc' dir='ltr'><strong><em>τις</em></strong></span> <span class='ocrx_word' id='word_1_39' title='bbox 955 764 1112 838; x_wconf 86' lang='grc' dir='ltr'><strong><em>ἀπευθύνοι</em></strong></span> 
     </span>
     <span class='ocr_line' id='line_1_7' title="bbox 129 873 1114 967; baseline -0.003 -20"><span class='ocrx_word' id='word_1_40' title='bbox 129 877 207 959; x_wconf 88' lang='grc' dir='ltr'><strong><em>τοὺς</em></strong></span> <span class='ocrx_word' id='word_1_41' title='bbox 234 875 409 967; x_wconf 88' lang='grc' dir='ltr'><strong><em>Ῥωμαίων</em></strong></span> <span class='ocrx_word' id='word_1_42' title='bbox 441 878 588 966; x_wconf 88' lang='grc' dir='ltr'><strong><em>χρόνους</em></strong></span> <span class='ocrx_word' id='word_1_43' title='bbox 623 877 707 966; x_wconf 84' lang='grc' dir='ltr'><strong><em>πρὸς</em></strong></span> <span class='ocrx_word' id='word_1_44' title='bbox 737 876 817 959; x_wconf 89' lang='grc' dir='ltr'><strong><em>τοὺς</em></strong></span> <span class='ocrx_word' id='word_1_45' title='bbox 842 873 1064 963; x_wconf 83' lang='grc' dir='ltr'><strong><em>Ἑλληνικούς,</em></strong></span> <span class='ocrx_word' id='word_1_46' title='bbox 1089 873 1114 938; x_wconf 78' lang='grc' dir='ltr'><strong><em>ἐν</em></strong></span> 
     </span>
    </p>

    <p class='ocr_par' dir='ltr' id='par_1_5' title="bbox 90 976 1121 1290">
     <span class='ocr_line' id='line_1_8' title="bbox 90 976 1117 1078; baseline -0.013 -20"><span class='ocrx_word' id='word_1_47' title='bbox 90 992 111 1058; x_wconf 89' lang='grc'><strong>3</strong></span> <span class='ocrx_word' id='word_1_48' title='bbox 130 987 232 1077; x_wconf 83' lang='grc' dir='ltr'><strong><em>ἕτέρφ</em></strong></span> <span class='ocrx_word' id='word_1_49' title='bbox 257 985 447 1074; x_wconf 84' lang='grc' dir='ltr'><strong><em>δεδήλωταί</em></strong></span> <span class='ocrx_word' id='word_1_50' title='bbox 463 1013 520 1074; x_wconf 91' lang='grc' dir='ltr'><strong><em>μοι</em></strong></span> <span class='ocrx_word' id='word_1_51' title='bbox 543 985 643 1078; x_wconf 86' lang='grc' dir='ltr'><strong><em>λόγφ.</em></strong></span> <span class='ocrx_word' id='word_1_52' title='bbox 686 984 727 1054; x_wconf 86' lang='grc' dir='ltr'><strong><em>ού</em></strong></span> <span class='ocrx_word' id='word_1_53' title='bbox 746 983 810 1074; x_wconf 78' lang='grc' dir='ltr'><strong><em>γὰρ</em></strong></span> <span class='ocrx_word' id='word_1_54' title='bbox 833 983 952 1072; x_wconf 77' lang='grc' dir='ltr'><strong><em>ἠξίουν</em></strong></span> <span class='ocrx_word' id='word_1_55' title='bbox 976 981 1017 1062; x_wconf 81' lang='grc' dir='ltr'><strong><em>ὡς</em></strong></span> <span class='ocrx_word' id='word_1_56' title='bbox 1030 976 1117 1048; x_wconf 81' lang='grc' dir='ltr'><strong><em>Πολύ</em></strong></span> 
     </span>
     <span class='ocr_line' id='line_1_9' title="bbox 130 1083 1119 1180; baseline -0.005 -20"><span class='ocrx_word' id='word_1_57' title='bbox 130 1097 204 1178; x_wconf 87' lang='grc' dir='ltr'><strong><em>βιος</em></strong></span> <span class='ocrx_word' id='word_1_58' title='bbox 241 1090 260 1161; x_wconf 87' lang='grc' dir='ltr'><strong><em>ὑ</em></strong></span> <span class='ocrx_word' id='word_1_59' title='bbox 293 1098 572 1180; x_wconf 80' lang='grc' dir='ltr'><strong><em>Μεγαλοπολίτης</em></strong></span> <span class='ocrx_word' id='word_1_60' title='bbox 608 1097 751 1161; x_wconf 81' lang='grc' dir='ltr'><strong><em>τοσοῦτο</em></strong></span> <span class='ocrx_word' id='word_1_61' title='bbox 789 1091 899 1180; x_wconf 92' lang='grc' dir='ltr'><strong><em>μόνον</em></strong></span> <span class='ocrx_word' id='word_1_62' title='bbox 937 1096 1052 1174; x_wconf 74' lang='grc' dir='ltr'><strong><em>εἰπεῖν,</em></strong></span> <span class='ocrx_word' id='word_1_63' title='bbox 1083 1083 1119 1154; x_wconf 81' lang='grc' dir='ltr'><strong><em>ότι</em></strong></span> 
     </span>
     <span class='ocr_line' id='line_1_10' title="bbox 130 1189 1121 1290; baseline -0.003 -24"><span class='ocrx_word' id='word_1_64' title='bbox 130 1196 212 1266; x_wconf 82' lang='grc' dir='ltr'><strong><em>κατὰ</em></strong></span> <span class='ocrx_word' id='word_1_65' title='bbox 240 1197 278 1267; x_wconf 86' lang='grc' dir='ltr'><strong><em>τὸ</em></strong></span> <span class='ocrx_word' id='word_1_66' title='bbox 308 1200 468 1290; x_wconf 79' lang='grc' dir='ltr'><strong><em>δεύτερον</em></strong></span> <span class='ocrx_word' id='word_1_67' title='bbox 498 1206 569 1281; x_wconf 77' lang='grc' dir='ltr'><strong><em>ἔτος</em></strong></span> <span class='ocrx_word' id='word_1_68' title='bbox 592 1203 651 1286; x_wconf 80' lang='grc' dir='ltr'><strong><em>τῆς</em></strong></span> <span class='ocrx_word' id='word_1_69' title='bbox 679 1199 825 1288; x_wconf 78' lang='grc' dir='ltr'><strong><em>ἑβδόμης</em></strong></span> <span class='ocrx_word' id='word_1_70' title='bbox 855 1197 1058 1287; x_wconf 76' lang='grc' dir='ltr'><strong><em>ὀλυμπιάδος</em></strong></span> <span class='ocrx_word' id='word_1_71' title='bbox 1076 1189 1121 1279; x_wconf 75' lang='grc' dir='ltr'><strong><em>τὴν</em></strong></span> 
     </span>
    </p>

    <p class='ocr_par' dir='ltr' id='par_1_6' title="bbox 91 1301 1177 1716">
     <span class='ocr_line' id='line_1_11' title="bbox 91 1301 1123 1396; baseline -0.002 -18"><span class='ocrx_word' id='word_1_72' title='bbox 91 1340 117 1378; x_wconf 87' lang='lat'><strong><em>10</em></strong></span> <span class='ocrx_word' id='word_1_73' title='bbox 127 1301 259 1392; x_wconf 76' lang='grc' dir='ltr'><strong><em>Ῥώμην</em></strong></span> <span class='ocrx_word' id='word_1_74' title='bbox 290 1307 442 1375; x_wconf 82' lang='grc' dir='ltr'><strong><em>ἐκτίσθαι</em></strong></span> <span class='ocrx_word' id='word_1_75' title='bbox 469 1312 648 1396; x_wconf 86' lang='grc' dir='ltr'><strong><em>πείθομαι,</em></strong></span> <span class='ocrx_word' id='word_1_76' title='bbox 677 1305 752 1376; x_wconf 81' lang='grc' dir='ltr'><strong><em>οὐδ’</em></strong></span> <span class='ocrx_word' id='word_1_77' title='bbox 782 1308 836 1375; x_wconf 80' lang='grc' dir='ltr'><strong><em>έπλ</em></strong></span> <span class='ocrx_word' id='word_1_78' title='bbox 866 1309 929 1374; x_wconf 81' lang='grc' dir='ltr'><strong><em>τοῦ</em></strong></span> <span class='ocrx_word' id='word_1_79' title='bbox 961 1301 1048 1392; x_wconf 78' lang='grc' dir='ltr'><strong><em>παρὰ</em></strong></span> <span class='ocrx_word' id='word_1_80' title='bbox 1072 1313 1123 1376; x_wconf 76' lang='grc' dir='ltr'><strong><em>τοῖς</em></strong></span> 
     </span>
     <span class='ocr_line' id='line_1_12' title="bbox 132 1408 1155 1502; baseline -0.004 -22"><span class='ocrx_word' id='word_1_81' title='bbox 132 1409 324 1502; x_wconf 74' lang='grc' dir='ltr'><strong><em>ἀρχιερεῦσι</em></strong></span> <span class='ocrx_word' id='word_1_82' title='bbox 346 1416 504 1501; x_wconf 80' lang='grc' dir='ltr'><strong><em>κειμένου</em></strong></span> <span class='ocrx_word' id='word_1_83' title='bbox 526 1420 668 1495; x_wconf 84' lang='grc' dir='ltr'><strong><em>πίνακος</em></strong></span> <span class='ocrx_word' id='word_1_84' title='bbox 696 1412 772 1494; x_wconf 84' lang='grc' dir='ltr'><strong><em>ἑνὸς</em></strong></span> <span class='ocrx_word' id='word_1_85' title='bbox 794 1415 849 1482; x_wconf 79' lang='grc' dir='ltr'><strong><em>καλ</em></strong></span> <span class='ocrx_word' id='word_1_86' title='bbox 873 1412 986 1501; x_wconf 87' lang='grc' dir='ltr'><strong><em>μόνον</em></strong></span> <span class='ocrx_word' id='word_1_87' title='bbox 1008 1408 1065 1497; x_wconf 79' lang='grc' dir='ltr'><strong><em>τὴν</em></strong></span> <span class='ocrx_word' id='word_1_88' title='bbox 1084 1411 1155 1475; x_wconf 69' lang='grc' dir='ltr'><strong><em>πίλλλ</em></strong></span> 
     </span>
     <span class='ocr_line' id='line_1_13' title="bbox 134 1513 1176 1608; baseline -0.002 -21"><span class='ocrx_word' id='word_1_89' title='bbox 134 1537 208 1589; x_wconf 92' lang='grc' dir='ltr'><strong><em>στιν</em></strong></span> <span class='ocrx_word' id='word_1_90' title='bbox 227 1517 456 1606; x_wconf 81' lang='grc' dir='ltr'><strong><em>ἀβασάνιστον</em></strong></span> <span class='ocrx_word' id='word_1_91' title='bbox 479 1530 684 1608; x_wconf 78' lang='grc' dir='ltr'><strong><em>καταλιπεῖν,</em></strong></span> <span class='ocrx_word' id='word_1_92' title='bbox 703 1519 788 1590; x_wconf 88' lang='grc' dir='ltr'><strong><em>ἀλλά</em></strong></span> <span class='ocrx_word' id='word_1_93' title='bbox 806 1519 885 1601; x_wconf 88' lang='grc' dir='ltr'><strong><em>τοὺς</em></strong></span> <span class='ocrx_word' id='word_1_94' title='bbox 905 1513 1127 1606; x_wconf 78' lang='grc' dir='ltr'><strong><em>ἐπιλογισμούς,</em></strong></span> <span class='ocrx_word' id='word_1_95' title='bbox 1167 1526 1176 1589; x_wconf 83' lang='grc' dir='ltr'><strong><em>λ</em></strong></span> 
     </span>
     <span class='ocr_line' id='line_1_14' title="bbox 135 1617 1177 1716; baseline 0.003 -22"><span class='ocrx_word' id='word_1_96' title='bbox 135 1619 185 1706; x_wconf 85' lang='grc' dir='ltr'><strong><em>οἷς</em></strong></span> <span class='ocrx_word' id='word_1_97' title='bbox 217 1625 318 1707; x_wconf 82' lang='grc' dir='ltr'><strong><em>αὐτὸς</em></strong></span> <span class='ocrx_word' id='word_1_98' title='bbox 348 1629 582 1716; x_wconf 86' lang='grc' dir='ltr'><strong><em>προσεθέμην,</em></strong></span> <span class='ocrx_word' id='word_1_99' title='bbox 615 1633 662 1710; x_wconf 87' lang='grc' dir='ltr'><strong><em>είς</em></strong></span> <span class='ocrx_word' id='word_1_100' title='bbox 694 1631 798 1716; x_wconf 82' lang='grc' dir='ltr'><strong><em>μέσον</em></strong></span> <span class='ocrx_word' id='word_1_101' title='bbox 830 1625 1050 1705; x_wconf 80' lang='grc' dir='ltr'><strong><em>ὑπευθύνους</em></strong></span> <span class='ocrx_word' id='word_1_102' title='bbox 1077 1635 1129 1697; x_wconf 78' lang='grc' dir='ltr'><strong><em>τοῖς</em></strong></span> <span class='ocrx_word' id='word_1_103' title='bbox 1174 1617 1177 1664; x_wconf 69' lang='lat'><em>3</em></span> 
     </span>
    </p>

    <p class='ocr_par' dir='ltr' id='par_1_7' title="bbox 94 1725 1178 1822">
     <span class='ocr_line' id='line_1_15' title="bbox 94 1725 1178 1822; baseline -0.006 -18"><span class='ocrx_word' id='word_1_104' title='bbox 94 1736 358 1818; x_wconf 85' lang='grc' dir='ltr'><strong><em>4βουληθελσιν</em></strong></span> <span class='ocrx_word' id='word_1_105' title='bbox 387 1737 571 1822; x_wconf 77' lang='grc' dir='ltr'><strong><em>ἐσομένους</em></strong></span> <span class='ocrx_word' id='word_1_106' title='bbox 597 1737 790 1822; x_wconf 78' lang='grc' dir='ltr'><strong><em>ἐξενεγκεῖν.</em></strong></span> <span class='ocrx_word' id='word_1_107' title='bbox 835 1732 857 1822; x_wconf 82' lang='grc' dir='ltr'><em>ἡ</em></span> <span class='ocrx_word' id='word_1_108' title='bbox 886 1733 947 1822; x_wconf 68' lang='grc' dir='ltr'><strong><em>μὲν</em></strong></span> <span class='ocrx_word' id='word_1_109' title='bbox 973 1725 1036 1802; x_wconf 89' lang='grc' dir='ltr'><strong><em>οὑν</em></strong></span> <span class='ocrx_word' id='word_1_110' title='bbox 1058 1728 1131 1816; x_wconf 76' lang='grc' dir='ltr'><strong><em>ἀκρί</em></strong></span> <span class='ocrx_word' id='word_1_111' title='bbox 1177 1767 1178 1774; x_wconf 44' lang='lat'>1</span> 
     </span>
    </p>

    <p class='ocr_par' dir='ltr' id='par_1_8' title="bbox 95 1834 1180 3104">
     <span class='ocr_line' id='line_1_16' title="bbox 95 1834 1134 1934; baseline -0.003 -28"><span class='ocrx_word' id='word_1_112' title='bbox 95 1873 121 1913; x_wconf 69' lang='grc' dir='ltr'><strong><em>ις</em></strong></span> <span class='ocrx_word' id='word_1_113' title='bbox 135 1843 211 1924; x_wconf 87' lang='grc' dir='ltr'><strong><em>βεια</em></strong></span> <span class='ocrx_word' id='word_1_114' title='bbox 234 1841 271 1907; x_wconf 86' lang='grc' dir='ltr'><strong><em>έν</em></strong></span> <span class='ocrx_word' id='word_1_115' title='bbox 295 1841 412 1932; x_wconf 85' lang='grc' dir='ltr'><strong><em>έκείνφ</em></strong></span> <span class='ocrx_word' id='word_1_116' title='bbox 437 1845 599 1928; x_wconf 84' lang='grc' dir='ltr'><strong><em>δηλοῦται</em></strong></span> <span class='ocrx_word' id='word_1_117' title='bbox 621 1846 666 1934; x_wconf 75' lang='grc' dir='ltr'><strong><em>τῷ</em></strong></span> <span class='ocrx_word' id='word_1_118' title='bbox 687 1847 788 1934; x_wconf 77' lang='grc' dir='ltr'><strong><em>λόγῳ,</em></strong></span> <span class='ocrx_word' id='word_1_119' title='bbox 812 1840 1013 1930; x_wconf 76' lang='grc' dir='ltr'><strong><em>λεχθήσεται</em></strong></span> <span class='ocrx_word' id='word_1_120' title='bbox 1037 1837 1073 1906; x_wconf 73' lang='grc' dir='ltr'><strong><em>δὲ</em></strong></span> <span class='ocrx_word' id='word_1_121' title='bbox 1092 1834 1134 1902; x_wconf 85' lang='grc' dir='ltr'><strong><em>καὶ</em></strong></span> 
     </span>
     <span class='ocr_line' id='line_1_17' title="bbox 137 1942 1137 2036; baseline 0.001 -25"><span class='ocrx_word' id='word_1_122' title='bbox 137 1942 194 2012; x_wconf 82' lang='grc' dir='ltr'><strong><em>διὰ</em></strong></span> <span class='ocrx_word' id='word_1_123' title='bbox 216 1949 318 2032; x_wconf 80' lang='grc' dir='ltr'><strong><em>τῆσδε</em></strong></span> <span class='ocrx_word' id='word_1_124' title='bbox 339 1950 398 2034; x_wconf 79' lang='grc' dir='ltr'><strong><em>τῆς</em></strong></span> <span class='ocrx_word' id='word_1_125' title='bbox 421 1954 646 2036; x_wconf 88' lang='grc' dir='ltr'><strong><em>πραγματείας</em></strong></span> <span class='ocrx_word' id='word_1_126' title='bbox 663 1947 748 2019; x_wconf 81' lang='grc' dir='ltr'><strong><em>αὑτά</em></strong></span> <span class='ocrx_word' id='word_1_127' title='bbox 769 1947 1046 2035; x_wconf 87' lang='grc' dir='ltr'><strong><em>τάναγκαιότατα.</em></strong></span> <span class='ocrx_word' id='word_1_128' title='bbox 1084 1949 1137 2030; x_wconf 81' lang='grc' dir='ltr'><strong><em>ἔχει</em></strong></span> 
     </span>
     <span class='ocr_line' id='line_1_18' title="bbox 137 2049 1139 2144; baseline 0 -25"><span class='ocrx_word' id='word_1_129' title='bbox 137 2049 176 2118; x_wconf 77' lang='grc' dir='ltr'><strong><em>δέ</em></strong></span> <span class='ocrx_word' id='word_1_130' title='bbox 204 2049 323 2133; x_wconf 80' lang='grc' dir='ltr'><strong><em>οὕτως·</em></strong></span> <span class='ocrx_word' id='word_1_131' title='bbox 359 2051 382 2141; x_wconf 81' lang='grc' dir='ltr'><em>ἡ</em></span> <span class='ocrx_word' id='word_1_132' title='bbox 411 2059 549 2124; x_wconf 78' lang='grc' dir='ltr'><strong><em>Κελτῶν</em></strong></span> <span class='ocrx_word' id='word_1_133' title='bbox 582 2059 718 2144; x_wconf 76' lang='grc' dir='ltr'><strong><em>ἔφοδος,</em></strong></span> <span class='ocrx_word' id='word_1_134' title='bbox 746 2054 827 2124; x_wconf 87' lang='grc' dir='ltr'><strong><em>καθ’</em></strong></span> <span class='ocrx_word' id='word_1_135' title='bbox 853 2052 899 2142; x_wconf 77' lang='grc' dir='ltr'><strong><em>ἣν</em></strong></span> <span class='ocrx_word' id='word_1_136' title='bbox 930 2053 950 2142; x_wconf 82' lang='grc' dir='ltr'><em>ἡ</em></span> <span class='ocrx_word' id='word_1_137' title='bbox 981 2053 1139 2141; x_wconf 85' lang='grc' dir='ltr'><strong><em>Ῥωμαίων</em></strong></span> 
     </span>
     <span class='ocr_line' id='line_1_19' title="bbox 136 2158 1143 2257; baseline 0.006 -29"><span class='ocrx_word' id='word_1_138' title='bbox 136 2158 233 2239; x_wconf 89' lang='grc' dir='ltr'><strong><em>πόλις</em></strong></span> <span class='ocrx_word' id='word_1_139' title='bbox 252 2158 350 2246; x_wconf 79' lang='grc' dir='ltr'><strong><em>ἑάλω,</em></strong></span> <span class='ocrx_word' id='word_1_140' title='bbox 364 2176 595 2249; x_wconf 81' lang='grc' dir='ltr'><strong><em>συμφωνεῖται</em></strong></span> <span class='ocrx_word' id='word_1_141' title='bbox 609 2161 732 2257; x_wconf 86' lang='grc' dir='ltr'><strong><em>σχεδὸν</em></strong></span> <span class='ocrx_word' id='word_1_142' title='bbox 750 2160 816 2231; x_wconf 87' lang='grc' dir='ltr'><strong><em>ὑπὸ</em></strong></span> <span class='ocrx_word' id='word_1_143' title='bbox 835 2161 972 2230; x_wconf 89' lang='grc' dir='ltr'><strong><em>πάντων</em></strong></span> <span class='ocrx_word' id='word_1_144' title='bbox 990 2161 1143 2251; x_wconf 69' lang='grc' dir='ltr'><strong><em>ἄρχοντος</em></strong></span> 
     </span>
     <span class='ocr_line' id='line_1_20' title="bbox 134 2264 1144 2356; baseline -0.004 -22"><span class='ocrx_word' id='word_1_145' title='bbox 134 2264 299 2354; x_wconf 80' lang='grc' dir='ltr'><strong><em>Ἀθήνησι</em></strong></span> <span class='ocrx_word' id='word_1_146' title='bbox 322 2272 527 2355; x_wconf 82' lang='grc' dir='ltr'><strong><em>Πυργίωνος</em></strong></span> <span class='ocrx_word' id='word_1_147' title='bbox 554 2271 715 2354; x_wconf 89' lang='grc' dir='ltr'><strong><em>γενέσθαι</em></strong></span> <span class='ocrx_word' id='word_1_148' title='bbox 743 2267 826 2337; x_wconf 82' lang='grc' dir='ltr'><strong><em>κατὰ</em></strong></span> <span class='ocrx_word' id='word_1_149' title='bbox 852 2268 890 2337; x_wconf 87' lang='grc' dir='ltr'><strong><em>τὸ</em></strong></span> <span class='ocrx_word' id='word_1_150' title='bbox 918 2272 1055 2356; x_wconf 79' lang='grc' dir='ltr'><strong><em>πρῶτον</em></strong></span> <span class='ocrx_word' id='word_1_151' title='bbox 1084 2271 1144 2340; x_wconf 80' lang='grc' dir='ltr'><strong><em>ἔτος</em></strong></span> 
     </span>
     <span class='ocr_line' id='line_1_21' title="bbox 98 2369 1147 2462; baseline 0.003 -19"><span class='ocrx_word' id='word_1_152' title='bbox 98 2414 125 2453; x_wconf 75' lang='lat'><strong><em>20</em></strong></span> <span class='ocrx_word' id='word_1_153' title='bbox 137 2377 197 2460; x_wconf 81' lang='grc' dir='ltr'><strong><em>της</em></strong></span> <span class='ocrx_word' id='word_1_154' title='bbox 216 2372 340 2461; x_wconf 87' lang='grc' dir='ltr'><strong><em>ὀγδόης</em></strong></span> <span class='ocrx_word' id='word_1_155' title='bbox 355 2372 414 2442; x_wconf 82' lang='grc' dir='ltr'><strong><em>καὶ</em></strong></span> <span class='ocrx_word' id='word_1_156' title='bbox 433 2378 654 2462; x_wconf 81' lang='grc' dir='ltr'><strong><em>ἐνενηκοστῆς</em></strong></span> <span class='ocrx_word' id='word_1_157' title='bbox 668 2374 884 2462; x_wconf 85' lang='grc' dir='ltr'><strong><em>ὀλυμπιάδος.</em></strong></span> <span class='ocrx_word' id='word_1_158' title='bbox 922 2373 940 2444; x_wconf 87' lang='grc' dir='ltr'><strong>ὁ</strong></span> <span class='ocrx_word' id='word_1_159' title='bbox 962 2374 1000 2443; x_wconf 73' lang='grc' dir='ltr'><strong><em>δὲ</em></strong></span> <span class='ocrx_word' id='word_1_160' title='bbox 1019 2369 1147 2462; x_wconf 73' lang='grc' dir='ltr'><strong><em>πρὸτῆς</em></strong></span> 
     </span>
     <span class='ocr_line' id='line_1_22' title="bbox 139 2478 1147 2575; baseline -0.007 -27"><span class='ocrx_word' id='word_1_161' title='bbox 139 2481 355 2568; x_wconf 77' lang='grc' dir='ltr'><strong><em>καταλήψεως</em></strong></span> <span class='ocrx_word' id='word_1_162' title='bbox 382 2481 506 2568; x_wconf 90' lang='grc' dir='ltr'><strong><em>χρόνος</em></strong></span> <span class='ocrx_word' id='word_1_163' title='bbox 531 2478 743 2568; x_wconf 87' lang='grc' dir='ltr'><strong><em>ἀναγόμενος</em></strong></span> <span class='ocrx_word' id='word_1_164' title='bbox 769 2486 817 2575; x_wconf 80' lang='grc' dir='ltr'><strong><em>εἰς</em></strong></span> <span class='ocrx_word' id='word_1_165' title='bbox 839 2479 987 2550; x_wconf 88' lang='grc' dir='ltr'><strong><em>Λεύκιον</em></strong></span> <span class='ocrx_word' id='word_1_166' title='bbox 1009 2478 1147 2550; x_wconf 84' lang='grc' dir='ltr'><strong><em>Ἰούνιον</em></strong></span> 
     </span>
     <span class='ocr_line' id='line_1_23' title="bbox 140 2583 1150 2676; baseline 0.001 -23"><span class='ocrx_word' id='word_1_167' title='bbox 140 2590 295 2673; x_wconf 79' lang='grc' dir='ltr'><strong><em>Βροῦτον</em></strong></span> <span class='ocrx_word' id='word_1_168' title='bbox 331 2588 387 2654; x_wconf 82' lang='grc' dir='ltr'><strong><em>καὶ</em></strong></span> <span class='ocrx_word' id='word_1_169' title='bbox 419 2587 567 2656; x_wconf 85' lang='grc' dir='ltr'><strong><em>Λεύκιον</em></strong></span> <span class='ocrx_word' id='word_1_170' title='bbox 603 2587 793 2676; x_wconf 85' lang='grc' dir='ltr'><strong><em>Ταρκύνιον</em></strong></span> <span class='ocrx_word' id='word_1_171' title='bbox 828 2595 1044 2657; x_wconf 77' lang='grc' dir='ltr'><strong><em>Κολλατῖνον</em></strong></span> <span class='ocrx_word' id='word_1_172' title='bbox 1081 2583 1150 2662; x_wconf 86' lang='grc' dir='ltr'><strong><em>τούς</em></strong></span> 
     </span>
     <span class='ocr_line' id='line_1_24' title="bbox 140 2690 1180 2818; baseline -0.004 -58"><span class='ocrx_word' id='word_1_173' title='bbox 140 2692 295 2818; x_wconf 82' lang='grc' dir='ltr'><strong><em>κρότους</em></strong></span> <span class='ocrx_word' id='word_1_174' title='bbox 316 2690 568 2775; x_wconf 87' lang='grc' dir='ltr'><strong><em>ὑπατεύσαντας</em></strong></span> <span class='ocrx_word' id='word_1_175' title='bbox 591 2697 628 2764; x_wconf 84' lang='grc' dir='ltr'><strong><em>έν</em></strong></span> <span class='ocrx_word' id='word_1_176' title='bbox 646 2692 755 2783; x_wconf 78' lang='grc' dir='ltr'><strong><em>Ῥώμη</em></strong></span> <span class='ocrx_word' id='word_1_177' title='bbox 780 2693 860 2782; x_wconf 82' lang='grc' dir='ltr'><strong><em>μετὰ</em></strong></span> <span class='ocrx_word' id='word_1_178' title='bbox 882 2693 945 2782; x_wconf 80' lang='grc' dir='ltr'><strong><em>τὴν</em></strong></span> <span class='ocrx_word' id='word_1_179' title='bbox 967 2695 1180 2763; x_wconf 72' lang='grc' dir='ltr'><strong><em>κατάλυσινιύ</em></strong></span> 
     </span>
     <span class='ocr_line' id='line_1_25' title="bbox 141 2799 1153 2890; baseline -0.001 -23"><span class='ocrx_word' id='word_1_180' title='bbox 141 2825 211 2868; x_wconf 91' lang='grc' dir='ltr'><strong><em>των</em></strong></span> <span class='ocrx_word' id='word_1_181' title='bbox 232 2801 399 2885; x_wconf 82' lang='grc' dir='ltr'><strong><em>βασιλέοιν</em></strong></span> <span class='ocrx_word' id='word_1_182' title='bbox 428 2806 483 2887; x_wconf 89' lang='grc' dir='ltr'><strong><em>έτη</em></strong></span> <span class='ocrx_word' id='word_1_183' title='bbox 511 2808 727 2890; x_wconf 86' lang='grc' dir='ltr'><strong><em>περιείληφεν</em></strong></span> <span class='ocrx_word' id='word_1_184' title='bbox 751 2811 857 2871; x_wconf 85' lang='grc' dir='ltr'><strong><em>είκοσι</em></strong></span> <span class='ocrx_word' id='word_1_185' title='bbox 884 2799 968 2889; x_wconf 89' lang='grc' dir='ltr'><strong><em>πρὸς</em></strong></span> <span class='ocrx_word' id='word_1_186' title='bbox 990 2815 1064 2880; x_wconf 76' lang='grc' dir='ltr'><strong><em>τοῖς</em></strong></span> <span class='ocrx_word' id='word_1_187' title='bbox 1088 2802 1153 2868; x_wconf 85' lang='grc' dir='ltr'><strong><em>ἑκα-</em></strong></span> 
     </span>
     <span class='ocr_line' id='line_1_26' title="bbox 102 2893 1154 2992; baseline 0.001 -18"><span class='ocrx_word' id='word_1_188' title='bbox 102 2893 180 2958; x_wconf 78' lang='lat'>5</span> <span class='ocrx_word' id='word_1_189' title='bbox 142 2933 212 2974; x_wconf 90' lang='grc' dir='ltr'><strong><em>τον</em></strong></span> <span class='ocrx_word' id='word_1_190' title='bbox 250 2908 410 2992; x_wconf 83' lang='grc' dir='ltr'><strong><em>δηλοὺται</em></strong></span> <span class='ocrx_word' id='word_1_191' title='bbox 430 2906 467 2975; x_wconf 71' lang='grc' dir='ltr'><strong><em>δὲ</em></strong></span> <span class='ocrx_word' id='word_1_192' title='bbox 490 2910 524 2990; x_wconf 80' lang='grc' dir='ltr'><strong><em>ἐξ</em></strong></span> <span class='ocrx_word' id='word_1_193' title='bbox 542 2907 655 2977; x_wconf 79' lang='grc' dir='ltr'><strong><em>ἄλλων</em></strong></span> <span class='ocrx_word' id='word_1_194' title='bbox 674 2934 709 2977; x_wconf 90' lang='grc' dir='ltr'><strong><em>τε</em></strong></span> <span class='ocrx_word' id='word_1_195' title='bbox 722 2911 857 2977; x_wconf 78' lang='grc' dir='ltr'><strong><em>πολλῶν</em></strong></span> <span class='ocrx_word' id='word_1_196' title='bbox 876 2908 1019 2976; x_wconf 74' lang='grc' dir='ltr'><strong><em>καὶτῶν</em></strong></span> <span class='ocrx_word' id='word_1_197' title='bbox 1037 2916 1154 2976; x_wconf 88' lang='grc' dir='ltr'><strong><em>καλου-</em></strong></span> 
     </span>
     <span class='ocr_line' id='line_1_27' title="bbox 102 2981 1157 3104; baseline 0 -23"><span class='ocrx_word' id='word_1_198' title='bbox 102 2981 255 3100; x_wconf 81' lang='grc' dir='ltr'><strong><em>5μένων</em></strong></span> <span class='ocrx_word' id='word_1_199' title='bbox 288 3039 469 3100; x_wconf 90' lang='grc' dir='ltr'><strong><em>τιμητικων</em></strong></span> <span class='ocrx_word' id='word_1_200' title='bbox 501 3013 765 3104; x_wconf 77' lang='grc' dir='ltr'><strong><em>ὑπομνημάτων,</em></strong></span> <span class='ocrx_word' id='word_1_201' title='bbox 802 3011 824 3082; x_wconf 80' lang='grc' dir='ltr'><strong><em>δ</em></strong></span> <span class='ocrx_word' id='word_1_202' title='bbox 862 3017 1051 3101; x_wconf 83' lang='grc' dir='ltr'><strong><em>διαδέχεται</em></strong></span> <span class='ocrx_word' id='word_1_203' title='bbox 1085 3027 1157 3090; x_wconf 82' lang='grc' dir='ltr'><strong><em>παῖς</em></strong></span> 
     </span>
    </p>
   </div>
   <div class='ocr_carea' id='block_1_3' title="bbox 144 3241 1164 3524">
    <p class='ocr_par' dir='ltr' id='par_1_9' title="bbox 144 3241 1162 3524">
     <span class='ocr_line' id='line_1_28' title="bbox 216 3241 1161 3316; baseline -0.008 -13"><span class='ocrx_word' id='word_1_204' title='bbox 216 3253 232 3303; x_wconf 88' lang='grc'>8</span> <span class='ocrx_word' id='word_1_205' title='bbox 257 3246 417 3302; x_wconf 78' lang='grc' dir='ltr'><strong><em>*τοσοῦτον</em></strong></span> <span class='ocrx_word' id='word_1_206' title='bbox 442 3245 464 3301; x_wconf 94' lang='lat'>0</span> <span class='ocrx_word' id='word_1_207' title='bbox 548 3253 579 3300; x_wconf 93' lang='lat'><strong><em>11</em></strong></span> <span class='ocrx_word' id='word_1_208' title='bbox 609 3242 771 3316; x_wconf 81' lang='grc' dir='ltr'><strong><em>ἀρχιερεῦσι</em></strong></span> <span class='ocrx_word' id='word_1_209' title='bbox 789 3247 916 3303; x_wconf 79' lang='lat' dir='ltr'><strong>Niebuhr</strong></span> <span class='ocrx_word' id='word_1_210' title='bbox 943 3246 1014 3302; x_wconf 66' lang='lat' dir='ltr'>Hist</span> <span class='ocrx_word' id='word_1_211' title='bbox 1038 3262 1113 3300; x_wconf 85' lang='lat' dir='ltr'><strong>rom.</strong></span> <span class='ocrx_word' id='word_1_212' title='bbox 1137 3241 1161 3295; x_wconf 62' lang='grc' dir='ltr'><strong><em>Ι4</em></strong></span> 
     </span>
     <span class='ocr_line' id='line_1_29' title="bbox 144 3313 1162 3406; baseline -0.004 -34"><span class='ocrx_word' id='word_1_213' title='bbox 144 3337 172 3388; x_wconf 85' lang='lat' dir='ltr'><strong><em>p.</em></strong></span> <span class='ocrx_word' id='word_1_214' title='bbox 192 3325 245 3372; x_wconf 77' lang='lat'><strong><em>254</em></strong></span> <span class='ocrx_word' id='word_1_215' title='bbox 268 3313 336 3406; x_wconf 86' lang='grc' dir='ltr'><strong><em>άγχ</em></strong></span> <span class='ocrx_word' id='word_1_216' title='bbox 320 3317 445 3385; x_wconf 83' lang='grc' dir='ltr'><strong><em>χιστεῦσι</em></strong></span> <span class='ocrx_word' id='word_1_217' title='bbox 461 3317 514 3371; x_wconf 83' lang='grc' dir='ltr'><strong><em>ΑΒ</em></strong></span> <span class='ocrx_word' id='word_1_218' title='bbox 587 3323 621 3371; x_wconf 83' lang='grc'><strong><em>12</em></strong></span> <span class='ocrx_word' id='word_1_219' title='bbox 640 3323 807 3372; x_wconf 84' lang='grc' dir='ltr'><strong><em>καταλιπεῖν</em></strong></span> <span class='ocrx_word' id='word_1_220' title='bbox 826 3319 848 3372; x_wconf 91' lang='grc' dir='ltr'>Β</span> <span class='ocrx_word' id='word_1_221' title='bbox 867 3315 1019 3374; x_wconf 86' lang='grc' dir='ltr'><strong><em>ἀπολιπεῖν</em></strong></span> <span class='ocrx_word' id='word_1_222' title='bbox 1036 3318 1063 3371; x_wconf 79' lang='lat' dir='ltr'>R</span> <span class='ocrx_word' id='word_1_223' title='bbox 1131 3319 1162 3369; x_wconf 77' lang='lat'><strong><em>13</em></strong></span> 
     </span>
     <span class='ocr_line' id='line_1_30' title="bbox 146 3381 1164 3524; baseline 0.003 -17"><span class='ocrx_word' id='word_1_224' title='bbox 146 3381 380 3510; x_wconf 53' lang='grc' dir='ltr'><strong><em>ὑὺιςιόταὺἀςλὺιτὺ</em></strong></span> <span class='ocrx_word' id='word_1_225' title='bbox 396 3386 658 3524; x_wconf 42' lang='grc' dir='ltr'><strong><em>7ύίύὺιεηβὺάύόύαύίά)Β</em></strong></span> <span class='ocrx_word' id='word_1_226' title='bbox 698 3395 731 3442; x_wconf 66' lang='lat'><strong><em>15</em></strong></span> <span class='ocrx_word' id='word_1_227' title='bbox 755 3391 804 3442; x_wconf 55' lang='lat' dir='ltr'><strong><em>ml</em></strong></span> <span class='ocrx_word' id='word_1_228' title='bbox 827 3407 882 3444; x_wconf 51' lang='lat' dir='ltr'><strong><em>om</em></strong></span> <span class='ocrx_word' id='word_1_229' title='bbox 901 3390 924 3443; x_wconf 80' lang='grc' dir='ltr'>Β</span> <span class='ocrx_word' id='word_1_230' title='bbox 1002 3393 1034 3443; x_wconf 70' lang='grc'><strong><em>16</em></strong></span> <span class='ocrx_word' id='word_1_231' title='bbox 1058 3382 1164 3455; x_wconf 55' lang='grc' dir='ltr'><strong><em>τᾶναγ</em></strong></span> 
     </span>
    </p>
   </div>
   <div class='ocr_carea' id='block_1_4' title="bbox 0 0 1202 3918">
    <p class='ocr_par' dir='ltr' id='par_1_10' title="bbox 0 0 1202 3918">
     <span class='ocr_line' id='line_1_31' title="bbox 0 0 1202 3918; baseline 0 0"><span class='ocrx_word' id='word_1_232' title='bbox 0 0 1202 3918; x_wconf 95' lang='lat' dir='ltr'><strong><em> </em></strong></span> 
     </span>
    </p>
   </div>
  </div>
 </body>
</html>
