2404 3918
515 294 548 304 -
587 265 681 318 Γ-
1039 261 1103 328 387

87 421 176 492 άλλδι
218 422 307 515 δόλῳ
349 429 502 511 μείζονας
543 417 646 504 αὖθις
685 422 902 494 ἀποστέλλειν
944 423 1106 512 δυνάμεις

86 530 376 617 παρεσκευάζοντο
411 532 468 599 καὶ
502 529 690 619 στρατηγὸν
722 531 967 621 ἐμπειρότερον.
1018 528 1036 600 ό
1067 531 1106 600 δὲ

93 636 282 725 Ταρκύνιος
313 634 435 725 μαθὼν
463 635 525 724 τὴν
559 637 716 707 διάνοιαν
749 635 862 707 αότάν
890 642 1016 727 συνῆγε
1042 635 1105 725 τὴν

89 742 252 832 στρατιάν
281 743 338 813 διὰ
364 744 488 833 τάχους
514 747 570 814 καὶ
598 746 680 835 πρὶν
708 747 858 826 ἐκείνους
884 743 1033 825 ἅπαντας
1063 742 1106 831 δὴ

15 837 22 850 ’
90 841 274 921 συνελθεῖν
293 850 422 939 φθάνει
442 851 562 938 διαβάς
578 851 640 922 τὸν
655 851 789 940 Ἀνίητα
806 851 969 940 ποταμόν.
1000 818 1147 946 wiva}

90 956 214 1047 μαθων
237 954 256 1027 ό
278 962 347 1028 τῶν
370 964 534 1048 Σαβίνων
559 958 743 1047 στρατηγός
770 958 856 1049 ἐξῄει
886 959 948 1048 μὲν
973 955 1018 1039 ὡς
1040 955 1107 1046 εἶχε

89 1065 214 1154 τάχους
244 1064 307 1153 τὴν
339 1066 460 1135 νεωστὶ
492 1069 709 1156 συνηγμένην
746 1065 893 1154 δύναμιν
924 1063 1107 1152 άναλαβδτν

90 1175 147 1242 καὶ
176 1172 473 1259 στρατοπεδεύεται
503 1178 647 1260 πλησίον
675 1177 742 1242 τῶν
766 1170 939 1262 Ῥωμαίων
968 1173 1022 1241 ἐπί
1051 1172 1107 1240 λό-

91 1305 162 1367 φου
192 1278 285 1359 τινὸς
315 1276 450 1366 ὑψηλοῦ
481 1281 538 1349 καὶ
565 1277 753 1367 ἀποτόμου,
785 1278 892 1367 μάχης
922 1279 960 1350 δὲ
990 1279 1107 1368 άρχειν

93 1383 155 1454 οὐκ
177 1387 371 1472 ἐδοκίμαζεν
395 1387 457 1466 ἕως
475 1388 513 1453 αί
533 1386 647 1454 λοιπαὶ
669 1389 738 1455 τῶν
757 1390 920 1471 Σαβίνων
945 1386 1107 1474 δυνάμεις
1121 1403 1147 1444 1⁰

92 1494 321 1578 συνέλθωσιν,
345 1487 419 1559 ἀλλ’
440 1492 493 1560 ἐπί
515 1490 594 1572 τοὺς
616 1491 892 1580 προνομεύοντας
912 1491 974 1580 τὴν
993 1491 1107 1581 χάραν

89 1601 267 1686 ἐκπέμπων
295 1595 351 1666 άεί
376 1623 471 1678 τινας
496 1601 566 1666 τάν
595 1600 721 1668 ἱππίων
747 1598 804 1666 καὶ
827 1596 949 1687 λόχους
972 1600 1108 1685 ἐγκαθί

89 1713 158 1788 ζων
181 1703 278 1786 ὕλαις
295 1700 316 1792 ἢ
335 1704 460 1785 νάπαις
478 1702 568 1792 είργε
585 1702 665 1784 τοὺς
683 1702 867 1793 Ῥωμαίους
884 1709 953 1774 τῶν
973 1708 1027 1775 ἐπὶ
1044 1703 1107 1792 τὴν

90 1811 207 1901 χάραν
231 1811 367 1894 ἐξόδων.

180 1921 279 1988 LXV.
320 1923 449 1988 Τοῦτον
477 1917 516 1986 δὲ
546 1917 608 1986 τδν
640 1916 768 2006 τρόπον
798 1915 903 1987 αὐτοῦ
931 1918 1108 2007 χρωμένου
1122 1933 1148 1975 1⁵

89 2030 139 2120 τῷ
162 2027 296 2118 πολέμῳ
319 2025 441 2094 πολλαί
464 2024 526 2112 μὲν
554 2025 742 2112 συμπλοκαὶ
768 2026 849 2109 [καὶ]
873 2023 945 2094 κατ’
972 2023 1109 2112 ὀλίγους

30 2136 209 2216 σιοψιλάν
236 2133 349 2201 τεκαὶ
378 2133 505 2200 ίππίων
533 2133 701 2219 ἐγίνοντο,
734 2130 823 2219 μάχη
857 2131 895 2200 δὲ
927 2129 1109 2220 ὁλοσχερὴς

92 2238 253 2309 ἁπάντων
277 2238 426 2326 οὐδεμία.
471 2239 655 2327 ἑλκομένου
684 2238 722 2307 δὲ
744 2242 805 2307 τοῦ
827 2238 956 2326 χρόνου
979 2237 1025 2308 δι’
1052 2236 1108 2325 όρ-

91 2350 155 2434 γῆς
177 2349 292 2435 φέρων
314 2344 377 2434 τὴν
402 2342 578 2434 διατριβὴν
608 2343 626 2414 ὁ
650 2345 836 2434 Ταρκύνιος
864 2345 916 2413 ἐπὶ
939 2343 1002 2433 τὴν
1025 2363 1107 2434 παρέ

92 2450 240 2543 εμβολὴν
267 2455 335 2522 τάν
366 2458 535 2540 πολεμίων
566 2450 625 2533 τδις
653 2453 814 2541 δυνάμεις
846 2458 977 2543 ἔκρινεν
1009 2451 1106 2539 άγειν
1121 2475 1148 2515 το

90 2561 148 2628 καὶ
171 2556 295 2640 πολλάς
318 2557 497 2646 ἐποιήσατο
520 2558 721 2648 προσβολάς.
766 2563 878 2628 ἔπειτα
899 2555 1147 2647 καταμαθων2

91 2670 138 2759 τῷ
161 2669 260 2756 βιαίῳ
279 2662 502 2753 τῶντρόπων
521 2663 563 2733 οὐ
582 2666 705 2756 ῥᾳδίαν
726 2656 834 2734 οὖσαν
852 2663 959 2752 αὐτὴν
977 2662 1106 2734 ἁλῶναι

93 2772 151 2841 διὰ
177 2770 239 2860 τὴν
268 2771 451 2861 ἐχυρότητα
478 2775 518 2860 τῇ
546 2770 666 2840 σπάνει
693 2774 762 2840 τῶν
790 2773 988 2858 ἐπιτηδείων
1010 2780 1106 2840 πολε-

90 2894 167 2969 μεῖν
194 2894 265 2961 τοῖς
293 2883 329 2949 ἐν
358 2878 442 2968 αὐτῇ
471 2880 610 2965 διέγνω,
637 2879 693 2946 καὶ
720 2875 810 2966 παρά
833 2878 941 2958 πάσας
968 2877 1026 2959 τάς
1048 2905 1106 2967 φε-

90 2987 218 3075 ρούσας
245 2984 295 3055 ἐπ’
322 2984 428 3074 αὐτὴν
461 2982 562 3065 ὁδοὺς
589 2984 737 3074 φρούρια
768 2986 1105 3074 κατασκευαζόμενος,
1120 3007 1148 3048 ²⁵

92 3089 290 3176 ξυλίζεσθαί
316 3120 351 3162 τε
383 3089 507 3172 αὐτοὺς
537 3093 594 3160 καὶ
625 3091 721 3180 χιλόν
754 3094 868 3171 ίπποις
899 3108 1105 3179 συναγαγεῖν

164 3243 180 3291 7
200 3233 379 3306 συνηγμένην
397 3234 522 3306 δύναμιν
539 3235 562 3288 Β
588 3230 711 3306 δόναμιν
730 3252 754 3289 τ.
773 3234 798 3290 R
818 3233 822 3305 Ι
842 3231 891 3319 καί
910 3229 1062 3307 άναλαβάν
1080 3237 1106 3290 Α

91 3325 196 3411 16ἰιειλ
213 3324 267 3380 del.
282 3324 420 3412 ΒδολιρΙοη
491 3319 723 3449 21Ιιιαταχιθοξν
740 3323 763 3376 Β
782 3310 886 3393 μαθων
899 3323 925 3377 R
996 3329 1030 3379 22
1054 3320 1106 3378 τόν

88 3394 231 3538 ψδλῗιέλ
268 3392 1106 3535 ssffsswssmzafhssssffissffzssffssuhffffs‘ssss‘f‘f}

90 3485 126 3596 {5
146 3534 306 3609 φροόριαΒ
327 3533 493 3609 φρουράςλδ
555 3543 589 3594 26
609 3534 743 3607 συνάγειν
762 3554 784 3592 ο.
805 3535 894 3592 Cobet
912 3536 977 3592 obs.
996 3553 1024 3607 p.
1044 3544 1077 3593 ⁷2

889 3625 945 3680 λό’
