<?xml version="1.0" encoding="UTF-8"?>
<!DOCTYPE html PUBLIC "-//W3C//DTD XHTML 1.0 Transitional//EN"
    "http://www.w3.org/TR/xhtml1/DTD/xhtml1-transitional.dtd">
<html xmlns="http://www.w3.org/1999/xhtml" xml:lang="en" lang="en">
 <head>
  <title>
</title>
<meta http-equiv="Content-Type" content="text/html;charset=utf-8" />
  <meta name='ocr-system' content='tesseract 3.04.00' />
  <meta name='ocr-capabilities' content='ocr_page ocr_carea ocr_par ocr_line ocrx_word'/>
</head>
<body>
  <div class='ocr_page' id='page_1' title='image "./antiquitatumrom00jacogoog_0207.png"; bbox 0 0 2396 3918; ppageno 0'>
   <div class='ocr_carea' id='block_1_1' title="bbox 466 229 632 282">
    <p class='ocr_par' dir='ltr' id='par_1_1' title="bbox 466 229 632 282">
     <span class='ocr_line' id='line_1_1' title="bbox 466 229 632 282; baseline 0 -14"><span class='ocrx_word' id='word_1_1' title='bbox 466 229 632 282; x_wconf 73' lang='grc' dir='ltr'>..Β-</span> 
     </span>
    </p>
   </div>
   <div class='ocr_carea' id='block_1_2' title="bbox 1 384 1138 3143">
    <p class='ocr_par' dir='ltr' id='par_1_2' title="bbox 37 384 1138 2287">
     <span class='ocr_line' id='line_1_2' title="bbox 45 384 1057 479; baseline 0.005 -26"><span class='ocrx_word' id='word_1_2' title='bbox 45 385 164 473; x_wconf 90' lang='grc' dir='ltr'><strong><em>νόμους</em></strong></span> <span class='ocrx_word' id='word_1_3' title='bbox 187 384 257 474; x_wconf 77' lang='grc' dir='ltr'><strong><em>ἅμα</em></strong></span> <span class='ocrx_word' id='word_1_4' title='bbox 285 401 356 468; x_wconf 82' lang='grc' dir='ltr'><strong><em>τοϊς</em></strong></span> <span class='ocrx_word' id='word_1_5' title='bbox 384 385 591 468; x_wconf 77' lang='grc' dir='ltr'><strong><em>ἐπεισάκτοις</em></strong></span> <span class='ocrx_word' id='word_1_6' title='bbox 619 390 656 456; x_wconf 90' lang='grc' dir='ltr'><strong><em>ἐν</em></strong></span> <span class='ocrx_word' id='word_1_7' title='bbox 680 386 788 479; x_wconf 85' lang='grc' dir='ltr'><strong><em>ἀγορῆι</em></strong></span> <span class='ocrx_word' id='word_1_8' title='bbox 814 396 930 457; x_wconf 77' lang='grc' dir='ltr'><strong><em>θεῖναι</em></strong></span> <span class='ocrx_word' id='word_1_9' title='bbox 955 415 1057 476; x_wconf 90' lang='grc' dir='ltr'><strong><em>φανε-</em></strong></span> 
     </span>
     <span class='ocr_line' id='line_1_3' title="bbox 45 489 1056 586; baseline 0.006 -27"><span class='ocrx_word' id='word_1_10' title='bbox 45 490 117 579; x_wconf 79' lang='grc' dir='ltr'><strong><em>ροὺς</em></strong></span> <span class='ocrx_word' id='word_1_11' title='bbox 146 489 250 561; x_wconf 80' lang='grc' dir='ltr'><strong><em>ἅπασι</em></strong></span> <span class='ocrx_word' id='word_1_12' title='bbox 279 507 349 574; x_wconf 70' lang='grc' dir='ltr'><strong><em>τοῖς</em></strong></span> <span class='ocrx_word' id='word_1_13' title='bbox 377 499 544 581; x_wconf 78' lang='grc' dir='ltr'><strong><em>πολίταις,</em></strong></span> <span class='ocrx_word' id='word_1_14' title='bbox 576 497 635 563; x_wconf 77' lang='grc' dir='ltr'><strong><em>ἵνα</em></strong></span> <span class='ocrx_word' id='word_1_15' title='bbox 662 492 707 583; x_wconf 88' lang='grc' dir='ltr'><strong><em>μῆ</em></strong></span> <span class='ocrx_word' id='word_1_16' title='bbox 737 499 988 586; x_wconf 79' lang='grc' dir='ltr'><strong><em>συμμεταπίπτῃ</em></strong></span> <span class='ocrx_word' id='word_1_17' title='bbox 1015 494 1056 565; x_wconf 83' lang='grc' dir='ltr'><strong><em>τά</em></strong></span> 
     </span>
     <span class='ocr_line' id='line_1_4' title="bbox 44 593 1055 690; baseline 0.005 -24"><span class='ocrx_word' id='word_1_18' title='bbox 44 597 134 667; x_wconf 89' lang='grc' dir='ltr'><strong><em>κοινδι</em></strong></span> <span class='ocrx_word' id='word_1_19' title='bbox 152 602 268 668; x_wconf 89' lang='grc' dir='ltr'><strong><em>δίκαια</em></strong></span> <span class='ocrx_word' id='word_1_20' title='bbox 286 614 359 680; x_wconf 81' lang='grc' dir='ltr'><strong><em>ταῖς</em></strong></span> <span class='ocrx_word' id='word_1_21' title='bbox 381 604 450 668; x_wconf 79' lang='grc' dir='ltr'><strong><em>τῶν</em></strong></span> <span class='ocrx_word' id='word_1_22' title='bbox 473 593 651 689; x_wconf 84' lang='grc' dir='ltr'><strong><em>ἀρχόντων</em></strong></span> <span class='ocrx_word' id='word_1_23' title='bbox 675 603 853 688; x_wconf 81' lang='grc' dir='ltr'><strong><em>ἐξουσίαις,</em></strong></span> <span class='ocrx_word' id='word_1_24' title='bbox 877 604 912 670; x_wconf 79' lang='lat' dir='ltr'><strong><em>oc</em></strong></span> <span class='ocrx_word' id='word_1_25' title='bbox 933 602 1055 690; x_wconf 85' lang='grc' dir='ltr'><strong><em>λαβόν-</em></strong></span> 
     </span>
     <span class='ocr_line' id='line_1_5' title="bbox 43 704 1055 796; baseline 0.006 -23"><span class='ocrx_word' id='word_1_26' title='bbox 43 732 90 786; x_wconf 82' lang='grc' dir='ltr'><strong><em>τες</em></strong></span> <span class='ocrx_word' id='word_1_27' title='bbox 110 704 198 794; x_wconf 81' lang='grc' dir='ltr'><strong><em>παρὰ</em></strong></span> <span class='ocrx_word' id='word_1_28' title='bbox 222 711 285 775; x_wconf 81' lang='grc' dir='ltr'><strong><em>τοῦ</em></strong></span> <span class='ocrx_word' id='word_1_29' title='bbox 310 706 422 795; x_wconf 84' lang='grc' dir='ltr'><strong><em>δῆμου</em></strong></span> <span class='ocrx_word' id='word_1_30' title='bbox 444 705 512 794; x_wconf 83' lang='grc' dir='ltr'><strong><em>τῆν’</em></strong></span> <span class='ocrx_word' id='word_1_31' title='bbox 532 710 689 788; x_wconf 77' lang='grc' dir='ltr'><strong><em>ἐξουσίαν</em></strong></span> <span class='ocrx_word' id='word_1_32' title='bbox 716 711 775 795; x_wconf 91' lang='grc' dir='ltr'><strong><em>τῆς</em></strong></span> <span class='ocrx_word' id='word_1_33' title='bbox 797 713 998 796; x_wconf 77' lang='grc' dir='ltr'><strong><em>συναγωγῆς</em></strong></span> <span class='ocrx_word' id='word_1_34' title='bbox 1020 737 1055 779; x_wconf 90' lang='grc' dir='ltr'><strong><em>τε</em></strong></span> 
     </span>
     <span class='ocr_line' id='line_1_6' title="bbox 43 810 1080 903; baseline 0.007 -26"><span class='ocrx_word' id='word_1_35' title='bbox 43 812 93 878; x_wconf 81' lang='grc' dir='ltr'><strong><em>καὶ</em></strong></span> <span class='ocrx_word' id='word_1_36' title='bbox 118 810 322 901; x_wconf 76' lang='grc' dir='ltr'><strong><em>ἀναγραφῆς</em></strong></span> <span class='ocrx_word' id='word_1_37' title='bbox 349 811 461 882; x_wconf 70' lang='grc' dir='ltr'><strong><em>αὐτῶν</em></strong></span> <span class='ocrx_word' id='word_1_38' title='bbox 491 814 571 882; x_wconf 82' lang='grc' dir='ltr'><strong><em>δέκα</em></strong></span> <span class='ocrx_word' id='word_1_39' title='bbox 598 812 723 903; x_wconf 84' lang='grc' dir='ltr'><strong><em>ἀνδρες</em></strong></span> <span class='ocrx_word' id='word_1_40' title='bbox 752 813 819 903; x_wconf 82' lang='grc' dir='ltr'><strong><em>ἅμα</em></strong></span> <span class='ocrx_word' id='word_1_41' title='bbox 842 828 913 895; x_wconf 82' lang='grc' dir='ltr'><strong><em>τοϊς</em></strong></span> <span class='ocrx_word' id='word_1_42' title='bbox 940 813 1080 897; x_wconf 78' lang='grc' dir='ltr'><strong><em>ἀλλοις5</em></strong></span> 
     </span>
     <span class='ocr_line' id='line_1_7' title="bbox 43 917 1054 1010; baseline 0.005 -24"><span class='ocrx_word' id='word_1_43' title='bbox 43 917 233 1008; x_wconf 74' lang='grc' dir='ltr'><strong><em>ἀνέγραψαν</em></strong></span> <span class='ocrx_word' id='word_1_44' title='bbox 257 919 390 1007; x_wconf 90' lang='grc' dir='ltr'><strong><em>νόμοις,</em></strong></span> <span class='ocrx_word' id='word_1_45' title='bbox 420 918 477 988; x_wconf 81' lang='grc' dir='ltr'><strong><em>καὶ</em></strong></span> <span class='ocrx_word' id='word_1_46' title='bbox 505 925 597 988; x_wconf 78' lang='grc' dir='ltr'><strong><em>ἐστιν</em></strong></span> <span class='ocrx_word' id='word_1_47' title='bbox 621 922 659 989; x_wconf 90' lang='grc' dir='ltr'><strong><em>ἐν</em></strong></span> <span class='ocrx_word' id='word_1_48' title='bbox 682 924 721 1010; x_wconf 88' lang='grc' dir='ltr'><strong><em>τῆ</em></strong></span> <span class='ocrx_word' id='word_1_49' title='bbox 749 920 888 1010; x_wconf 80' lang='grc' dir='ltr'><strong><em>τετάρτῃ</em></strong></span> <span class='ocrx_word' id='word_1_50' title='bbox 910 925 979 991; x_wconf 81' lang='grc' dir='ltr'><strong><em>τῶν</em></strong></span> <span class='ocrx_word' id='word_1_51' title='bbox 1002 930 1054 990; x_wconf 89' lang='grc' dir='ltr'><strong><em>λε-</em></strong></span> 
     </span>
     <span class='ocr_line' id='line_1_8' title="bbox 44 1017 1138 1119; baseline 0.005 -26"><span class='ocrx_word' id='word_1_52' title='bbox 44 1028 189 1112; x_wconf 84' lang='grc' dir='ltr'><strong><em>γομένων</em></strong></span> <span class='ocrx_word' id='word_1_53' title='bbox 215 1025 349 1095; x_wconf 79' lang='grc' dir='ltr'><strong><em>δώδεκα</em></strong></span> <span class='ocrx_word' id='word_1_54' title='bbox 368 1028 508 1113; x_wconf 86' lang='grc' dir='ltr'><strong><em>δέλτων,</em></strong></span> <span class='ocrx_word' id='word_1_55' title='bbox 532 1023 572 1107; x_wconf 79' lang='grc' dir='ltr'><strong><em>δὶς</em></strong></span> <span class='ocrx_word' id='word_1_56' title='bbox 596 1025 764 1096; x_wconf 77' lang='grc' dir='ltr'><strong><em>ἀνέθεσαν</em></strong></span> <span class='ocrx_word' id='word_1_57' title='bbox 788 1030 826 1096; x_wconf 90' lang='grc' dir='ltr'><strong><em>ἐν</em></strong></span> <span class='ocrx_word' id='word_1_58' title='bbox 844 1026 960 1119; x_wconf 77' lang='grc' dir='ltr'><strong><em>ἀγορᾷ.</em></strong></span> <span class='ocrx_word' id='word_1_59' title='bbox 1003 1020 1095 1098; x_wconf 86' lang='grc' dir='ltr'><strong><em>ὅτι4</em></strong></span> <span class='ocrx_word' id='word_1_60' title='bbox 1133 1017 1138 1026; x_wconf 54' lang='grc'>’</span> 
     </span>
     <span class='ocr_line' id='line_1_9' title="bbox 45 1131 1055 1224; baseline 0.006 -26"><span class='ocrx_word' id='word_1_61' title='bbox 45 1131 71 1198; x_wconf 84' lang='grc' dir='ltr'><strong><em>δ’</em></strong></span> <span class='ocrx_word' id='word_1_62' title='bbox 97 1132 154 1220; x_wconf 80' lang='grc' dir='ltr'><strong><em>οὐχ</em></strong></span> <span class='ocrx_word' id='word_1_63' title='bbox 179 1136 215 1201; x_wconf 81' lang='lat' dir='ltr'><strong><em>oc</em></strong></span> <span class='ocrx_word' id='word_1_64' title='bbox 236 1131 361 1223; x_wconf 83' lang='grc' dir='ltr'><strong><em>ἀνδρες</em></strong></span> <span class='ocrx_word' id='word_1_65' title='bbox 385 1136 464 1203; x_wconf 90' lang='grc' dir='ltr'><strong><em>δέκα</em></strong></span> <span class='ocrx_word' id='word_1_66' title='bbox 493 1137 529 1202; x_wconf 81' lang='lat' dir='ltr'><strong><em>oc</em></strong></span> <span class='ocrx_word' id='word_1_67' title='bbox 549 1138 753 1220; x_wconf 83' lang='grc' dir='ltr'><strong><em>τριακοσίοις</em></strong></span> <span class='ocrx_word' id='word_1_68' title='bbox 780 1139 888 1203; x_wconf 85' lang='grc' dir='ltr'><strong><em>ἐτεσιν</em></strong></span> <span class='ocrx_word' id='word_1_69' title='bbox 910 1133 1055 1224; x_wconf 80' lang='grc' dir='ltr'><strong><em>ὕστερον</em></strong></span> 
     </span>
     <span class='ocr_line' id='line_1_10' title="bbox 46 1238 1055 1330; baseline 0.006 -24"><span class='ocrx_word' id='word_1_70' title='bbox 46 1238 295 1327; x_wconf 76' lang='grc' dir='ltr'><strong><em>ἀποδειχθέντες</em></strong></span> <span class='ocrx_word' id='word_1_71' title='bbox 314 1241 367 1309; x_wconf 76' lang='grc' dir='ltr'><strong><em>ἐπὶ</em></strong></span> <span class='ocrx_word' id='word_1_72' title='bbox 390 1239 452 1327; x_wconf 87' lang='grc' dir='ltr'><strong><em>τῆν</em></strong></span> <span class='ocrx_word' id='word_1_73' title='bbox 472 1239 676 1330; x_wconf 81' lang='grc' dir='ltr'><strong><em>ἀναγραφὴν</em></strong></span> <span class='ocrx_word' id='word_1_74' title='bbox 699 1246 769 1310; x_wconf 81' lang='grc' dir='ltr'><strong><em>τῶν</em></strong></span> <span class='ocrx_word' id='word_1_75' title='bbox 792 1241 909 1330; x_wconf 90' lang='grc' dir='ltr'><strong><em>νόμων</em></strong></span> <span class='ocrx_word' id='word_1_76' title='bbox 928 1246 1055 1329; x_wconf 77' lang='grc' dir='ltr'><strong><em>πρῶτοι</em></strong></span> 
     </span>
     <span class='ocr_line' id='line_1_11' title="bbox 43 1345 1095 1435; baseline 0.006 -23"><span class='ocrx_word' id='word_1_77' title='bbox 43 1351 155 1417; x_wconf 79' lang='grc' dir='ltr'><strong><em>τοῦτον</em></strong></span> <span class='ocrx_word' id='word_1_78' title='bbox 173 1347 398 1435; x_wconf 82' lang='grc' dir='ltr'><strong><em>εἰσηγήσαντο</em></strong></span> <span class='ocrx_word' id='word_1_79' title='bbox 417 1347 478 1416; x_wconf 87' lang='grc' dir='ltr'><strong><em>τὸν</em></strong></span> <span class='ocrx_word' id='word_1_80' title='bbox 502 1347 610 1435; x_wconf 87' lang='grc' dir='ltr'><strong><em>νόμον</em></strong></span> <span class='ocrx_word' id='word_1_81' title='bbox 625 1345 811 1435; x_wconf 86' lang='grc' dir='ltr'><strong><em>Ῥωμαίοις,</em></strong></span> <span class='ocrx_word' id='word_1_82' title='bbox 825 1345 898 1417; x_wconf 88' lang='grc' dir='ltr'><strong><em>ἀλλ’</em></strong></span> <span class='ocrx_word' id='word_1_83' title='bbox 920 1351 956 1417; x_wconf 87' lang='grc' dir='ltr'><strong><em>ἐκ</em></strong></span> <span class='ocrx_word' id='word_1_84' title='bbox 974 1357 1053 1418; x_wconf 90' lang='grc' dir='ltr'><strong><em>πολ-</em></strong></span> <span class='ocrx_word' id='word_1_85' title='bbox 1068 1366 1095 1406; x_wconf 89' lang='lat'><strong><em>1⁰</em></strong></span> 
     </span>
     <span class='ocr_line' id='line_1_12' title="bbox 41 1452 1054 1543; baseline 0.006 -24"><span class='ocrx_word' id='word_1_86' title='bbox 41 1456 96 1520; x_wconf 81' lang='grc' dir='ltr'><strong><em>λοῦ</em></strong></span> <span class='ocrx_word' id='word_1_87' title='bbox 122 1458 282 1541; x_wconf 89' lang='grc' dir='ltr'><strong><em>κείμενον</em></strong></span> <span class='ocrx_word' id='word_1_88' title='bbox 309 1454 563 1542; x_wconf 80' lang='grc' dir='ltr'><strong><em>παραλαβόντες</em></strong></span> <span class='ocrx_word' id='word_1_89' title='bbox 596 1452 658 1523; x_wconf 83' lang='grc' dir='ltr'><strong><em>οὐκ</em></strong></span> <span class='ocrx_word' id='word_1_90' title='bbox 690 1454 877 1542; x_wconf 86' lang='grc' dir='ltr'><strong><em>ἐτόλμησαν</em></strong></span> <span class='ocrx_word' id='word_1_91' title='bbox 908 1453 1054 1543; x_wconf 73' lang='grc' dir='ltr'><strong><em>ἀνελεῖν,</em></strong></span> 
     </span>
     <span class='ocr_line' id='line_1_13' title="bbox 41 1558 1054 1650; baseline 0.004 -24"><span class='ocrx_word' id='word_1_92' title='bbox 41 1561 70 1626; x_wconf 88' lang='grc' dir='ltr'><strong><em>ἐκ</em></strong></span> <span class='ocrx_word' id='word_1_93' title='bbox 91 1565 227 1629; x_wconf 76' lang='grc' dir='ltr'><strong><em>πολλῶν</em></strong></span> <span class='ocrx_word' id='word_1_94' title='bbox 256 1559 318 1646; x_wconf 84' lang='grc' dir='ltr'><strong><em>μέν</em></strong></span> <span class='ocrx_word' id='word_1_95' title='bbox 346 1562 403 1629; x_wconf 81' lang='grc' dir='ltr'><strong><em>καὶ</em></strong></span> <span class='ocrx_word' id='word_1_96' title='bbox 430 1558 544 1630; x_wconf 89' lang='grc' dir='ltr'><strong><em>ἀλλων</em></strong></span> <span class='ocrx_word' id='word_1_97' title='bbox 574 1561 888 1650; x_wconf 81' lang='grc' dir='ltr'><strong><em>καταλαμβάνομαι,</em></strong></span> <span class='ocrx_word' id='word_1_98' title='bbox 911 1561 1054 1648; x_wconf 90' lang='grc' dir='ltr'><strong><em>μάλιστα</em></strong></span> 
     </span>
     <span class='ocr_line' id='line_1_14' title="bbox 40 1664 1053 1756; baseline 0.005 -25"><span class='ocrx_word' id='word_1_99' title='bbox 40 1664 66 1731; x_wconf 85' lang='grc' dir='ltr'><strong><em>δ’</em></strong></span> <span class='ocrx_word' id='word_1_100' title='bbox 86 1669 122 1735; x_wconf 88' lang='grc' dir='ltr'><strong><em>ἐκ</em></strong></span> <span class='ocrx_word' id='word_1_101' title='bbox 140 1671 210 1736; x_wconf 77' lang='grc' dir='ltr'><strong><em>τῶν</em></strong></span> <span class='ocrx_word' id='word_1_102' title='bbox 225 1667 329 1754; x_wconf 87' lang='grc' dir='ltr'><strong><em>Νόμα</em></strong></span> <span class='ocrx_word' id='word_1_103' title='bbox 343 1673 540 1754; x_wconf 87' lang='grc' dir='ltr'><strong><em>Πομπιλίου</em></strong></span> <span class='ocrx_word' id='word_1_104' title='bbox 558 1671 619 1735; x_wconf 82' lang='grc' dir='ltr'><strong><em>τοῦ</em></strong></span> <span class='ocrx_word' id='word_1_105' title='bbox 642 1666 722 1754; x_wconf 85' lang='grc' dir='ltr'><strong><em>μετά</em></strong></span> <span class='ocrx_word' id='word_1_106' title='bbox 737 1665 913 1754; x_wconf 80' lang='grc' dir='ltr'><strong><em>Ῥωμύλον</em></strong></span> <span class='ocrx_word' id='word_1_107' title='bbox 932 1666 1053 1756; x_wconf 81' lang='grc' dir='ltr'><strong><em>ἀρξαυ-</em></strong></span> 
     </span>
     <span class='ocr_line' id='line_1_15' title="bbox 37 1765 1052 1862; baseline 0.004 -23"><span class='ocrx_word' id='word_1_108' title='bbox 37 1799 89 1852; x_wconf 90' lang='grc' dir='ltr'><strong><em>τος</em></strong></span> <span class='ocrx_word' id='word_1_109' title='bbox 116 1773 251 1860; x_wconf 90' lang='grc' dir='ltr'><strong><em>νόμων,</em></strong></span> <span class='ocrx_word' id='word_1_110' title='bbox 280 1776 318 1842; x_wconf 90' lang='grc' dir='ltr'><strong><em>ἐν</em></strong></span> <span class='ocrx_word' id='word_1_111' title='bbox 348 1768 399 1854; x_wconf 79' lang='grc' dir='ltr'><strong><em>οἷς</em></strong></span> <span class='ocrx_word' id='word_1_112' title='bbox 426 1774 483 1842; x_wconf 81' lang='grc' dir='ltr'><strong><em>καὶ</em></strong></span> <span class='ocrx_word' id='word_1_113' title='bbox 512 1765 609 1854; x_wconf 80' lang='grc' dir='ltr'><strong><em>οὗτος</em></strong></span> <span class='ocrx_word' id='word_1_114' title='bbox 637 1777 833 1862; x_wconf 88' lang='grc' dir='ltr'><strong><em>γέγραπται·</em></strong></span> <span class='ocrx_word' id='word_1_115' title='bbox 857 1771 916 1841; x_wconf 81' lang='grc' dir='ltr'><strong><em>ἐάν</em></strong></span> <span class='ocrx_word' id='word_1_116' title='bbox 943 1776 1052 1861; x_wconf 89' lang='grc' dir='ltr'><strong><em>πατῆρ</em></strong></span> 
     </span>
     <span class='ocr_line' id='line_1_16' title="bbox 38 1879 1093 1970; baseline 0.004 -24"><span class='ocrx_word' id='word_1_117' title='bbox 38 1883 94 1970; x_wconf 74' lang='grc' dir='ltr'><strong><em>υἱῷ</em></strong></span> <span class='ocrx_word' id='word_1_118' title='bbox 119 1880 324 1969; x_wconf 78' lang='grc' dir='ltr'><strong><em>συγχωρήσῃ</em></strong></span> <span class='ocrx_word' id='word_1_119' title='bbox 352 1894 497 1967; x_wconf 74' lang='grc' dir='ltr'><strong><em>γυναῖκα</em></strong></span> <span class='ocrx_word' id='word_1_120' title='bbox 525 1879 713 1966; x_wconf 77' lang='grc' dir='ltr'><strong><em>ἀγαγέσθαι</em></strong></span> <span class='ocrx_word' id='word_1_121' title='bbox 743 1879 914 1950; x_wconf 87' lang='grc' dir='ltr'><strong><em>κοινωνὸν</em></strong></span> <span class='ocrx_word' id='word_1_122' title='bbox 938 1883 1052 1969; x_wconf 85' lang='grc' dir='ltr'><strong><em>ἐσομέ-</em></strong></span> <span class='ocrx_word' id='word_1_123' title='bbox 1067 1898 1093 1939; x_wconf 82' lang='lat'><strong><em>1⁵</em></strong></span> 
     </span>
     <span class='ocr_line' id='line_1_17' title="bbox 37 1984 1054 2076; baseline 0.003 -23"><span class='ocrx_word' id='word_1_124' title='bbox 37 2013 95 2072; x_wconf 92' lang='grc' dir='ltr'><strong><em>νην</em></strong></span> <span class='ocrx_word' id='word_1_125' title='bbox 120 1989 224 2075; x_wconf 77' lang='grc' dir='ltr'><strong><em>ἱερῶν</em></strong></span> <span class='ocrx_word' id='word_1_126' title='bbox 247 1988 358 2054; x_wconf 79' lang='grc' dir='ltr'><strong><em>τεκαὶ</em></strong></span> <span class='ocrx_word' id='word_1_127' title='bbox 377 1986 558 2076; x_wconf 78' lang='grc' dir='ltr'><strong><em>χρημάτων</em></strong></span> <span class='ocrx_word' id='word_1_128' title='bbox 576 1984 659 2056; x_wconf 85' lang='grc' dir='ltr'><strong><em>κατὰ</em></strong></span> <span class='ocrx_word' id='word_1_129' title='bbox 678 1984 758 2066; x_wconf 83' lang='grc' dir='ltr'><strong><em>τοὺς</em></strong></span> <span class='ocrx_word' id='word_1_130' title='bbox 779 1986 918 2074; x_wconf 86' lang='grc' dir='ltr'><strong><em>νόμους,</em></strong></span> <span class='ocrx_word' id='word_1_131' title='bbox 938 1987 1054 2074; x_wconf 83' lang='grc' dir='ltr'><strong><em>μηκέτι</em></strong></span> 
     </span>
     <span class='ocr_line' id='line_1_18' title="bbox 37 2088 1052 2184; baseline 0.004 -26"><span class='ocrx_word' id='word_1_132' title='bbox 37 2091 91 2178; x_wconf 85' lang='grc' dir='ltr'><strong><em>τῆν</em></strong></span> <span class='ocrx_word' id='word_1_133' title='bbox 114 2094 274 2174; x_wconf 83' lang='grc' dir='ltr'><strong><em>ἐξουσίαν</em></strong></span> <span class='ocrx_word' id='word_1_134' title='bbox 303 2088 391 2160; x_wconf 78' lang='grc' dir='ltr'><strong><em>εἶναι</em></strong></span> <span class='ocrx_word' id='word_1_135' title='bbox 420 2097 466 2184; x_wconf 78' lang='grc' dir='ltr'><strong><em>τῷ</em></strong></span> <span class='ocrx_word' id='word_1_136' title='bbox 489 2092 588 2180; x_wconf 86' lang='grc' dir='ltr'><strong><em>πατρὶ</em></strong></span> <span class='ocrx_word' id='word_1_137' title='bbox 614 2099 740 2159; x_wconf 77' lang='grc' dir='ltr'><strong><em>πωλεῖν</em></strong></span> <span class='ocrx_word' id='word_1_138' title='bbox 762 2090 824 2160; x_wconf 88' lang='grc' dir='ltr'><strong><em>τὸν</em></strong></span> <span class='ocrx_word' id='word_1_139' title='bbox 848 2091 941 2160; x_wconf 89' lang='grc' dir='ltr'><strong><em>υίόν·</em></strong></span> <span class='ocrx_word' id='word_1_140' title='bbox 971 2091 1052 2182; x_wconf 84' lang='grc' dir='ltr'><strong><em>ὅπερ</em></strong></span> 
     </span>
     <span class='ocr_line' id='line_1_19' title="bbox 38 2194 1053 2287; baseline 0.002 -22"><span class='ocrx_word' id='word_1_141' title='bbox 38 2196 92 2266; x_wconf 79' lang='grc' dir='ltr'><strong><em>οὐκ</em></strong></span> <span class='ocrx_word' id='word_1_142' title='bbox 120 2194 164 2267; x_wconf 88' lang='grc' dir='ltr'><strong><em>άν</em></strong></span> <span class='ocrx_word' id='word_1_143' title='bbox 196 2204 342 2285; x_wconf 73' lang='grc' dir='ltr'><strong><em>ἔργαψεν</em></strong></span> <span class='ocrx_word' id='word_1_144' title='bbox 371 2203 404 2266; x_wconf 88' lang='grc' dir='ltr'><strong><em>εί</em></strong></span> <span class='ocrx_word' id='word_1_145' title='bbox 429 2197 473 2287; x_wconf 88' lang='grc' dir='ltr'><strong><em>μῆ</em></strong></span> <span class='ocrx_word' id='word_1_146' title='bbox 500 2196 584 2267; x_wconf 80' lang='grc' dir='ltr'><strong><em>κατὰ</em></strong></span> <span class='ocrx_word' id='word_1_147' title='bbox 611 2195 690 2277; x_wconf 79' lang='grc' dir='ltr'><strong><em>τοὺς</em></strong></span> <span class='ocrx_word' id='word_1_148' title='bbox 716 2200 901 2287; x_wconf 89' lang='grc' dir='ltr'><strong><em>προτέρους</em></strong></span> <span class='ocrx_word' id='word_1_149' title='bbox 925 2198 1053 2286; x_wconf 88' lang='grc' dir='ltr'><strong><em>νόμους</em></strong></span> 
     </span>
    </p>

    <p class='ocr_par' dir='ltr' id='par_1_3' title="bbox 1 2301 1092 2712">
     <span class='ocr_line' id='line_1_20' title="bbox 1 2301 1091 2397; baseline 0.006 -32"><span class='ocrx_word' id='word_1_150' title='bbox 1 2302 182 2386; x_wconf 76' lang='grc' dir='ltr'><strong><em>ιεοάπαντας</em></strong></span> <span class='ocrx_word' id='word_1_151' title='bbox 201 2308 279 2392; x_wconf 84' lang='grc' dir='ltr'><strong><em>ἐξῆν</em></strong></span> <span class='ocrx_word' id='word_1_152' title='bbox 298 2309 346 2397; x_wconf 73' lang='grc' dir='ltr'><strong><em>τῷ</em></strong></span> <span class='ocrx_word' id='word_1_153' title='bbox 366 2306 466 2392; x_wconf 78' lang='grc' dir='ltr'><strong><em>πατρὶ</em></strong></span> <span class='ocrx_word' id='word_1_154' title='bbox 484 2313 609 2374; x_wconf 79' lang='grc' dir='ltr'><strong><em>πωλεῖν</em></strong></span> <span class='ocrx_word' id='word_1_155' title='bbox 629 2302 709 2383; x_wconf 80' lang='grc' dir='ltr'><strong><em>τοὺς</em></strong></span> <span class='ocrx_word' id='word_1_156' title='bbox 726 2302 830 2383; x_wconf 85' lang='grc' dir='ltr'><strong><em>υίοός.</em></strong></span> <span class='ocrx_word' id='word_1_157' title='bbox 867 2301 944 2373; x_wconf 88' lang='grc' dir='ltr'><strong><em>ἀλλ’</em></strong></span> <span class='ocrx_word' id='word_1_158' title='bbox 965 2301 1049 2393; x_wconf 72' lang='grc' dir='ltr'><strong><em>ὑπὲρ</em></strong></span> <span class='ocrx_word' id='word_1_159' title='bbox 1070 2305 1091 2372; x_wconf 88' lang='lat'>5</span> 
     </span>
     <span class='ocr_line' id='line_1_21' title="bbox 37 2407 1092 2498; baseline 0.001 -19"><span class='ocrx_word' id='word_1_160' title='bbox 37 2411 91 2496; x_wconf 72' lang='grc' dir='ltr'><strong><em>μὲν</em></strong></span> <span class='ocrx_word' id='word_1_161' title='bbox 115 2411 249 2482; x_wconf 73' lang='grc' dir='ltr'><strong><em>τούτων</em></strong></span> <span class='ocrx_word' id='word_1_162' title='bbox 272 2410 357 2498; x_wconf 81' lang='grc' dir='ltr'><strong><em>ἅλις,</em></strong></span> <span class='ocrx_word' id='word_1_163' title='bbox 381 2411 548 2498; x_wconf 85' lang='grc' dir='ltr'><strong><em>βούλομαι</em></strong></span> <span class='ocrx_word' id='word_1_164' title='bbox 572 2409 687 2478; x_wconf 76' lang='grc' dir='ltr'><strong><em>δὲκαὶ</em></strong></span> <span class='ocrx_word' id='word_1_165' title='bbox 710 2407 771 2478; x_wconf 87' lang='grc' dir='ltr'><strong><em>τὸν</em></strong></span> <span class='ocrx_word' id='word_1_166' title='bbox 794 2408 899 2478; x_wconf 84' lang='grc' dir='ltr'><strong><em>ἀλλον</em></strong></span> <span class='ocrx_word' id='word_1_167' title='bbox 923 2411 976 2480; x_wconf 78' lang='grc' dir='ltr'><strong><em>ἐπὶ</em></strong></span> <span class='ocrx_word' id='word_1_168' title='bbox 998 2439 1050 2480; x_wconf 88' lang='grc' dir='ltr'><strong><em>κε-</em></strong></span> <span class='ocrx_word' id='word_1_169' title='bbox 1065 2439 1092 2480; x_wconf 81' lang='grc' dir='ltr'><strong><em>ιο</em></strong></span> 
     </span>
     <span class='ocr_line' id='line_1_22' title="bbox 37 2507 1049 2609; baseline 0.005 -25"><span class='ocrx_word' id='word_1_170' title='bbox 37 2524 187 2602; x_wconf 87' lang='grc' dir='ltr'><strong><em>φαλαίων</em></strong></span> <span class='ocrx_word' id='word_1_171' title='bbox 221 2521 374 2586; x_wconf 73' lang='grc' dir='ltr'><strong><em>διελθεῖν</em></strong></span> <span class='ocrx_word' id='word_1_172' title='bbox 406 2516 550 2604; x_wconf 86' lang='grc' dir='ltr'><strong><em>κόσμον,</em></strong></span> <span class='ocrx_word' id='word_1_173' title='bbox 583 2507 612 2609; x_wconf 75' lang='grc' dir='ltr'><em>ᾦ</em></span> <span class='ocrx_word' id='word_1_174' title='bbox 645 2513 724 2596; x_wconf 78' lang='grc' dir='ltr'><strong><em>τοὺς</em></strong></span> <span class='ocrx_word' id='word_1_175' title='bbox 755 2519 823 2584; x_wconf 77' lang='grc' dir='ltr'><strong><em>τόν</em></strong></span> <span class='ocrx_word' id='word_1_176' title='bbox 857 2520 1003 2588; x_wconf 78' lang='grc' dir='ltr'><strong><em>ἰδιωτῶν</em></strong></span> <span class='ocrx_word' id='word_1_177' title='bbox 1032 2517 1049 2588; x_wconf 88' lang='grc' dir='ltr'>ὁ</span> 
     </span>
     <span class='ocr_line' id='line_1_23' title="bbox 33 2620 513 2712; baseline -0.002 -21"><span class='ocrx_word' id='word_1_178' title='bbox 33 2620 195 2712; x_wconf 84' lang='grc' dir='ltr'><strong><em>Ῥωμύλος</em></strong></span> <span class='ocrx_word' id='word_1_179' title='bbox 219 2622 384 2711; x_wconf 80' lang='grc' dir='ltr'><strong><em>ἐκόσμησε</em></strong></span> <span class='ocrx_word' id='word_1_180' title='bbox 407 2629 513 2710; x_wconf 85' lang='grc' dir='ltr'><strong><em>βίους.</em></strong></span> 
     </span>
    </p>

    <p class='ocr_par' dir='ltr' id='par_1_4' title="bbox 36 2727 1089 3143">
     <span class='ocr_line' id='line_1_24' title="bbox 117 2727 1050 2817; baseline 0.004 -19"><span class='ocrx_word' id='word_1_181' title='bbox 117 2733 275 2800; x_wconf 80' lang='lat' dir='ltr'>XXVIII.</span> <span class='ocrx_word' id='word_1_182' title='bbox 300 2727 407 2817; x_wconf 77' lang='grc' dir='ltr'><strong><em>Ὁρῶν</em></strong></span> <span class='ocrx_word' id='word_1_183' title='bbox 430 2728 495 2817; x_wconf 87' lang='grc' dir='ltr'><strong><em>γδιρ</em></strong></span> <span class='ocrx_word' id='word_1_184' title='bbox 520 2727 572 2797; x_wconf 86' lang='grc' dir='ltr'><strong><em>ὅτι</em></strong></span> <span class='ocrx_word' id='word_1_185' title='bbox 594 2727 631 2796; x_wconf 87' lang='grc' dir='ltr'><strong><em>τὸ</em></strong></span> <span class='ocrx_word' id='word_1_186' title='bbox 653 2727 839 2817; x_wconf 84' lang='grc' dir='ltr'><strong><em>σωφρόνως</em></strong></span> <span class='ocrx_word' id='word_1_187' title='bbox 863 2733 921 2816; x_wconf 79' lang='grc' dir='ltr'><strong><em>ξῆν</em></strong></span> <span class='ocrx_word' id='word_1_188' title='bbox 945 2729 1050 2802; x_wconf 83' lang='grc' dir='ltr'><strong><em>ἀπαν-</em></strong></span> 
     </span>
     <span class='ocr_line' id='line_1_25' title="bbox 36 2834 1049 2928; baseline 0.006 -26"><span class='ocrx_word' id='word_1_189' title='bbox 36 2862 86 2916; x_wconf 89' lang='grc' dir='ltr'><strong><em>τας</em></strong></span> <span class='ocrx_word' id='word_1_190' title='bbox 104 2839 161 2906; x_wconf 78' lang='grc' dir='ltr'><strong><em>καὶ</em></strong></span> <span class='ocrx_word' id='word_1_191' title='bbox 181 2834 221 2905; x_wconf 85' lang='grc' dir='ltr'><strong><em>τά</em></strong></span> <span class='ocrx_word' id='word_1_192' title='bbox 247 2839 360 2904; x_wconf 89' lang='grc' dir='ltr'><strong><em>δίκαια</em></strong></span> <span class='ocrx_word' id='word_1_193' title='bbox 383 2835 447 2923; x_wconf 90' lang='grc' dir='ltr'><strong><em>πρὸ</em></strong></span> <span class='ocrx_word' id='word_1_194' title='bbox 472 2839 540 2904; x_wconf 75' lang='grc' dir='ltr'><strong><em>τόν</em></strong></span> <span class='ocrx_word' id='word_1_195' title='bbox 563 2835 753 2923; x_wconf 87' lang='grc' dir='ltr'><strong><em>κερδαλέων</em></strong></span> <span class='ocrx_word' id='word_1_196' title='bbox 777 2837 948 2924; x_wconf 79' lang='grc' dir='ltr'><strong><em>αἱρεῖσθαι</em></strong></span> <span class='ocrx_word' id='word_1_197' title='bbox 971 2867 1049 2928; x_wconf 89' lang='grc' dir='ltr'><strong><em>καρ-</em></strong></span> 
     </span>
     <span class='ocr_line' id='line_1_26' title="bbox 37 2940 1089 3036; baseline 0.005 -28"><span class='ocrx_word' id='word_1_198' title='bbox 37 2948 142 3030; x_wconf 85' lang='grc' dir='ltr'><strong><em>τερίαν</em></strong></span> <span class='ocrx_word' id='word_1_199' title='bbox 176 2969 212 3012; x_wconf 90' lang='grc' dir='ltr'><strong><em>τε</em></strong></span> <span class='ocrx_word' id='word_1_200' title='bbox 240 2941 302 3030; x_wconf 84' lang='grc' dir='ltr'><strong><em>τῆν</em></strong></span> <span class='ocrx_word' id='word_1_201' title='bbox 330 2941 419 3029; x_wconf 84' lang='grc' dir='ltr'><strong><em>παρὰ</em></strong></span> <span class='ocrx_word' id='word_1_202' title='bbox 447 2940 526 3022; x_wconf 81' lang='grc' dir='ltr'><strong><em>τοὺς</em></strong></span> <span class='ocrx_word' id='word_1_203' title='bbox 553 2941 681 3022; x_wconf 90' lang='grc' dir='ltr'><strong><em>πόνους</em></strong></span> <span class='ocrx_word' id='word_1_204' title='bbox 708 2940 823 3011; x_wconf 82' lang='grc' dir='ltr'><strong><em>ἀσκεῖν</em></strong></span> <span class='ocrx_word' id='word_1_205' title='bbox 853 2946 908 3012; x_wconf 76' lang='grc' dir='ltr'><strong><em>καὶ</em></strong></span> <span class='ocrx_word' id='word_1_206' title='bbox 941 2948 1048 3036; x_wconf 75' lang='grc' dir='ltr'><strong><em>μηδὲν</em></strong></span> <span class='ocrx_word' id='word_1_207' title='bbox 1063 2973 1089 3014; x_wconf 81' lang='lat'><strong><em>25</em></strong></span> 
     </span>
     <span class='ocr_line' id='line_1_27' title="bbox 38 3046 1048 3143; baseline 0.013 -29"><span class='ocrx_word' id='word_1_208' title='bbox 38 3046 286 3138; x_wconf 75' lang='grc' dir='ltr'><strong><em>ὑπολαμβάνειν</em></strong></span> <span class='ocrx_word' id='word_1_209' title='bbox 322 3053 431 3137; x_wconf 84' lang='grc' dir='ltr'><strong><em>χρῆμα</em></strong></span> <span class='ocrx_word' id='word_1_210' title='bbox 467 3047 665 3137; x_wconf 74' lang='grc' dir='ltr'><strong><em>τιμιώτερον</em></strong></span> <span class='ocrx_word' id='word_1_211' title='bbox 702 3047 821 3138; x_wconf 89' lang='grc' dir='ltr'><strong><em>ἀρετῆς</em></strong></span> <span class='ocrx_word' id='word_1_212' title='bbox 858 3050 899 3121; x_wconf 83' lang='grc' dir='ltr'><strong><em>οὐ</em></strong></span> <span class='ocrx_word' id='word_1_213' title='bbox 936 3054 1048 3143; x_wconf 92' lang='grc' dir='ltr'><strong><em>λόγων</em></strong></span> 
     </span>
    </p>
   </div>
   <div class='ocr_carea' id='block_1_3' title="bbox 39 3274 1049 3575">
    <p class='ocr_par' dir='ltr' id='par_1_5' title="bbox 39 3274 1049 3575">
     <span class='ocr_line' id='line_1_28' title="bbox 100 3274 1046 3355; baseline 0.011 -19"><span class='ocrx_word' id='word_1_214' title='bbox 100 3281 210 3338; x_wconf 74' lang='grc' dir='ltr'><strong><em>ὃδέκα</em></strong></span> <span class='ocrx_word' id='word_1_215' title='bbox 236 3278 265 3336; x_wconf 85' lang='grc' dir='ltr'><strong><em>οί</em></strong></span> <span class='ocrx_word' id='word_1_216' title='bbox 286 3301 301 3335; x_wconf 90' lang='grc' dir='ltr'><strong><em>τ</em></strong></span> <span class='ocrx_word' id='word_1_217' title='bbox 319 3276 442 3336; x_wconf 90' lang='grc' dir='ltr'><strong><em>ιακόσιοι</em></strong></span> <span class='ocrx_word' id='word_1_218' title='bbox 466 3274 583 3349; x_wconf 73' lang='grc' dir='ltr'><strong><em>ὕστερον</em></strong></span> <span class='ocrx_word' id='word_1_219' title='bbox 606 3283 631 3335; x_wconf 78' lang='grc' dir='ltr'><strong>Α</strong></span> <span class='ocrx_word' id='word_1_220' title='bbox 660 3279 688 3337; x_wconf 78' lang='grc' dir='ltr'><strong><em>οἶ</em></strong></span> <span class='ocrx_word' id='word_1_221' title='bbox 705 3277 806 3354; x_wconf 80' lang='grc' dir='ltr'><strong><em>ἄνδρες</em></strong></span> <span class='ocrx_word' id='word_1_222' title='bbox 831 3281 860 3338; x_wconf 79' lang='grc' dir='ltr'><strong><em>οἱ</em></strong></span> <span class='ocrx_word' id='word_1_223' title='bbox 877 3283 957 3355; x_wconf 87' lang='grc' dir='ltr'><strong><em>δέκα,</em></strong></span> <span class='ocrx_word' id='word_1_224' title='bbox 978 3287 1005 3344; x_wconf 77' lang='grc' dir='ltr'><strong><em>οἳ</em></strong></span> <span class='ocrx_word' id='word_1_225' title='bbox 1024 3307 1046 3346; x_wconf 85' lang='lat' dir='ltr'><strong><em>c.</em></strong></span> 
     </span>
     <span class='ocr_line' id='line_1_29' title="bbox 39 3349 1047 3430; baseline 0.011 -24"><span class='ocrx_word' id='word_1_226' title='bbox 39 3351 132 3409; x_wconf 68' lang='grc' dir='ltr'><strong><em>δείδιε</em></strong></span> <span class='ocrx_word' id='word_1_227' title='bbox 152 3349 183 3408; x_wconf 86' lang='grc' dir='ltr'><strong><em>οί</em></strong></span> <span class='ocrx_word' id='word_1_228' title='bbox 204 3354 279 3408; x_wconf 85' lang='grc' dir='ltr'><strong><em>δέκα</em></strong></span> <span class='ocrx_word' id='word_1_229' title='bbox 302 3355 405 3428; x_wconf 79' lang='grc' dir='ltr'><strong><em>ανδρες</em></strong></span> <span class='ocrx_word' id='word_1_230' title='bbox 428 3369 450 3406; x_wconf 85' lang='grc' dir='ltr'><strong><em>ο.</em></strong></span> <span class='ocrx_word' id='word_1_231' title='bbox 471 3350 560 3407; x_wconf 66' lang='lat' dir='ltr'>Cobet</span> <span class='ocrx_word' id='word_1_232' title='bbox 583 3353 648 3408; x_wconf 81' lang='lat' dir='ltr'>Obs.</span> <span class='ocrx_word' id='word_1_233' title='bbox 668 3371 693 3423; x_wconf 89' lang='lat' dir='ltr'><strong><em>p.</em></strong></span> <span class='ocrx_word' id='word_1_234' title='bbox 713 3360 748 3408; x_wconf 83' lang='lat'><strong><em>46</em></strong></span> <span class='ocrx_word' id='word_1_235' title='bbox 821 3361 837 3410; x_wconf 83' lang='lat'><strong>9</strong></span> <span class='ocrx_word' id='word_1_236' title='bbox 857 3350 1047 3430; x_wconf 81' lang='grc' dir='ltr'><strong><em>ἀναδειχθέν-</em></strong></span> 
     </span>
     <span class='ocr_line' id='line_1_30' title="bbox 39 3418 1049 3496; baseline 0.014 -22"><span class='ocrx_word' id='word_1_237' title='bbox 39 3425 114 3485; x_wconf 86' lang='grc' dir='ltr'><strong><em>τεςΒ</em></strong></span> <span class='ocrx_word' id='word_1_238' title='bbox 138 3428 142 3492; x_wconf 92' lang='grc' dir='ltr'>Ι</span> <span class='ocrx_word' id='word_1_239' title='bbox 169 3420 217 3480; x_wconf 75' lang='grc' dir='ltr'><strong><em>ἐπὶ</em></strong></span> <span class='ocrx_word' id='word_1_240' title='bbox 240 3426 274 3496; x_wconf 85' lang='grc' dir='ltr'><strong><em>τῆ</em></strong></span> <span class='ocrx_word' id='word_1_241' title='bbox 299 3418 452 3494; x_wconf 82' lang='grc' dir='ltr'><strong><em>ἀναγραφῇ</em></strong></span> <span class='ocrx_word' id='word_1_242' title='bbox 477 3441 500 3478; x_wconf 84' lang='grc' dir='ltr'><strong><em>ο.</em></strong></span> <span class='ocrx_word' id='word_1_243' title='bbox 524 3423 663 3480; x_wconf 75' lang='lat' dir='ltr'>Bfioheler</span> <span class='ocrx_word' id='word_1_244' title='bbox 736 3431 768 3480; x_wconf 92' lang='grc'><strong><em>10</em></strong></span> <span class='ocrx_word' id='word_1_245' title='bbox 788 3423 909 3496; x_wconf 75' lang='grc' dir='ltr'><strong><em>ὁωμαῑοι</em></strong></span> <span class='ocrx_word' id='word_1_246' title='bbox 932 3427 983 3487; x_wconf 85' lang='grc' dir='ltr'><strong><em>τὸν</em></strong></span> <span class='ocrx_word' id='word_1_247' title='bbox 1002 3429 1049 3487; x_wconf 85' lang='grc' dir='ltr'><strong><em>νό·</em></strong></span> 
     </span>
     <span class='ocr_line' id='line_1_31' title="bbox 40 3489 1047 3575; baseline 0.009 -27"><span class='ocrx_word' id='word_1_248' title='bbox 40 3513 84 3560; x_wconf 90' lang='grc' dir='ltr'><strong><em>μον</em></strong></span> <span class='ocrx_word' id='word_1_249' title='bbox 102 3498 127 3550; x_wconf 85' lang='grc' dir='ltr'><strong>Α</strong></span> <span class='ocrx_word' id='word_1_250' title='bbox 175 3501 207 3551; x_wconf 83' lang='grc'><strong><em>15</em></strong></span> <span class='ocrx_word' id='word_1_251' title='bbox 227 3502 352 3566; x_wconf 87' lang='grc' dir='ltr'><strong><em>γυναῖκα</em></strong></span> <span class='ocrx_word' id='word_1_252' title='bbox 371 3495 463 3550; x_wconf 89' lang='lat' dir='ltr'><strong>om.B</strong></span> <span class='ocrx_word' id='word_1_253' title='bbox 518 3500 551 3550; x_wconf 82' lang='lat'><strong><em>20</em></strong></span> <span class='ocrx_word' id='word_1_254' title='bbox 567 3489 615 3549; x_wconf 75' lang='grc' dir='ltr'><strong><em>ἐπὶ</em></strong></span> <span class='ocrx_word' id='word_1_255' title='bbox 628 3496 775 3568; x_wconf 78' lang='grc' dir='ltr'><strong><em>κεφαλαίῳ</em></strong></span> <span class='ocrx_word' id='word_1_256' title='bbox 791 3496 823 3566; x_wconf 90' lang='lat'><strong><em>0,</em></strong></span> <span class='ocrx_word' id='word_1_257' title='bbox 839 3514 907 3556; x_wconf 79' lang='lat' dir='ltr'>corr.</span> <span class='ocrx_word' id='word_1_258' title='bbox 925 3501 1047 3575; x_wconf 80' lang='lat' dir='ltr'><strong>Sylburg</strong></span> 
     </span>
    </p>
   </div>
   <div class='ocr_carea' id='block_1_4' title="bbox 84 3593 885 3646">
    <p class='ocr_par' dir='ltr' id='par_1_6' title="bbox 84 3593 885 3646">
     <span class='ocr_line' id='line_1_32' title="bbox 84 3593 885 3646; baseline -0.002 -4"><span class='ocrx_word' id='word_1_259' title='bbox 84 3603 183 3646; x_wconf 77' lang='lat' dir='ltr'><strong>mom.</strong></span> <span class='ocrx_word' id='word_1_260' title='bbox 197 3605 262 3644; x_wconf 60' lang='lat' dir='ltr'><strong><em>Ha.</em></strong></span> <span class='ocrx_word' id='word_1_261' title='bbox 275 3603 295 3643; x_wconf 87' lang='lat'><strong><em>1.</em></strong></span> <span class='ocrx_word' id='word_1_262' title='bbox 309 3613 348 3644; x_wconf 74' lang='grc' dir='ltr'><strong><em>τυ.</em></strong></span> <span class='ocrx_word' id='word_1_263' title='bbox 361 3603 462 3646; x_wconf 68' lang='grc' dir='ltr'><strong><em>σιοοεγ.</em></strong></span> <span class='ocrx_word' id='word_1_264' title='bbox 853 3593 885 3640; x_wconf 88' lang='grc'><strong><em>13</em></strong></span> 
     </span>
    </p>
   </div>
   <div class='ocr_carea' id='block_1_5' title="bbox 0 0 1202 3918">
    <p class='ocr_par' dir='ltr' id='par_1_7' title="bbox 0 0 1202 3918">
     <span class='ocr_line' id='line_1_33' title="bbox 0 0 1202 3918; baseline 0 1"><span class='ocrx_word' id='word_1_265' title='bbox 0 0 1202 3918; x_wconf 95' lang='lat' dir='ltr'><strong><em> </em></strong></span> 
     </span>
    </p>
   </div>
  </div>
 </body>
</html>
