2396 3918
457 223 625 277 -An
1010 220 1053 286 89

66 379 109 446 καλ
135 371 228 459 αὖθις
251 380 380 469 ἕτερος·
413 382 450 448 έν
472 381 580 473 τούτῳ
599 382 758 470 τυγχάνει
781 410 832 463 τις
859 379 963 452 είπύν
990 389 1055 450 είτε

63 489 260 556 τάν-Αίνείον
281 491 423 575 παίδων,
447 484 607 576 ἀςλόγος
630 495 707 577 ἔχει,
730 500 795 559 εἴτε
817 494 886 558 τῶν
911 485 1054 576 ὁμοσκή-

64 619 132 679 νων,
150 590 231 662 Ἀλλ’
255 591 338 682 ἡμῖν
359 621 398 680 γε
420 594 487 682 ἤδη
509 597 567 666 καί
587 593 609 684 ἡ
632 596 774 681 τράπεζα
796 594 1053 683 κατεδήδεσται·

63 695 97 777 ὡς
114 698 147 766 δέ
166 703 264 770 τούτο
286 698 450 788 ἥκουσαν,
471 699 617 784 ἀταντες
639 699 918 794 ἀνεθορύβησαν,
947 698 991 780 ὡς
1012 697 1054 768 τά

61 809 152 892 τράια
172 810 233 876 τοῦ
255 807 485 896 μαντεύματος
506 808 573 898 ἤδη
588 815 685 898 σφίσι
698 813 792 891 τέλος
816 816 895 897 ἔχοι.
925 801 969 896 ἦν
988 805 1081 903 γάρ,
1155 793 1159 809 ’

62 939 85 978 τι
98 914 261 1000 θέσφατον
279 911 402 1003 αύτολς,
421 912 466 996 ἀς
484 918 547 1003 μέν
565 943 655 997 τινες
669 919 828 1003 λέγουσιν
844 919 882 986 έν
897 912 1053 1002 Δωδάνη

64 1017 231 1106 γινόμενον,
255 1017 301 1102 ὥς
324 1019 353 1088 δ’
379 1022 486 1109 ἕτεροι
508 1023 703 1113 γράφουσιν
731 1026 769 1094 ἐν
794 1026 924 1115 έρυθρᾷ
948 1023 1054 1111 χέρσω

68 1128 109 1210 τῆς
131 1125 238 1214 Ἴδης,
285 1133 371 1198 ἔνθα
412 1127 491 1222 ᾤκει
534 1136 689 1217 Σίβυλλα
729 1134 892 1220 ἐπιχωρία
937 1127 1054 1216 νύμφη

25 1231 248 1323 ιιηνησμμδός,
271 1230 292 1322 ἣ
315 1232 430 1316 αὐτοῖς
453 1241 578 1324 ἔφρασε
592 1245 688 1306 πλεῖν
707 1239 760 1306 ἐπὶ
781 1240 920 1325 δυσμῶν
944 1232 1055 1322 ηλίον,

59 1339 120 1418 τέως
134 1336 173 1410 ἀν
188 1347 239 1422 είς
256 1346 356 1412 τούτο
374 1340 412 1412 τὸ
427 1348 553 1431 χωρίον
572 1348 733 1430 ἔλθωσιν,
756 1335 835 1437 ένῷ
856 1345 1053 1414 κατέδονται
1067 1368 1094 1408 ιο

56 1443 100 1524 τὰς
117 1451 292 1536 τραπέζας·
316 1447 398 1518 ὅταν
421 1449 459 1518 δὲ
472 1454 572 1520 τοῦτο
596 1450 734 1539 μάθωσι
757 1451 955 1539 γενόμενον,
978 1447 1053 1536 ἡγε-

55 1551 126 1636 μόνα
157 1554 346 1644 τετράποδα
381 1559 651 1645 ποιησαμένους,
688 1556 776 1628 ὅπου
811 1555 855 1628 ἀν
889 1556 978 1645 κάμη
1014 1553 1053 1624 τδ

55 1663 138 1749 ζῷον,
166 1664 318 1732 ἐνταῦθα
348 1667 532 1750 δείμασθαι
560 1664 671 1733 πόλιν.
715 1669 816 1735 τούτο
846 1663 888 1753 δὴ
912 1662 951 1733 τὸ
974 1651 1093 1732 θεο-5

53 1766 179 1850 τρόπιον
210 1767 504 1856 ἀναμνησθέντες,
537 1774 573 1839 οί
602 1771 665 1859 μέν
693 1770 734 1842 τά
767 1774 826 1860 ἕδη
858 1774 927 1840 των
959 1773 1053 1838 θεῶν

52 1877 175 1966 1ιέίνείου
197 1875 420 1956 κελεύσαντος
443 1881 491 1956 είς
509 1875 547 1946 τὸ
561 1876 767 1966 ἀποδειχθὲν
791 1883 917 1966 χωρίον
941 1879 976 1946 ἐκ
995 1879 1053 1963 τῆς
1068 1891 1093 1932 1⁵

52 1976 119 2059 νεδς
144 1965 322 2072 ἐξέωερον,
351 1986 386 2050 οί
412 1981 450 2050 δὲ
472 1983 588 2070 βάθρα
615 1985 671 2053 καλ
701 1982 836 2072 βωμοὺς
858 1983 1054 2052 κατεσκεύα-

52 2089 95 2162 ζον
116 2086 241 2174 αὐτοῖς,
265 2093 303 2158 αί
324 2088 362 2157 δὲ
375 2103 534 2176 γυναῖκες
556 2088 704 2180 ὀλολυγῇ
726 2093 782 2160 καὶ
801 2097 948 2179 χορείαις
969 2089 1054 2177 χρύ-

50 2217 130 2275 μεναι
156 2194 382 2283 παρεκόμιζον
408 2194 449 2265 τά
479 2196 568 2283 ίερά,
598 2202 633 2266 οί
654 2197 692 2266 δὲ
714 2196 801 2284 ἀμφὶ
827 2195 887 2266 τδν
911 2201 1055 2266 Αίνείαν

50 2307 369 2390 παρασκευασθείσης
381 2309 508 2384 θυσίας
528 2309 660 2390 ἔχοντες
672 2303 752 2386 τούς
775 2303 965 2391 στεφάνους
977 2303 1054 2391 περὶ

49 2403 94 2472 τὸν
113 2407 234 2497 βωμὸν
257 2414 410 2497 ἔστησαν.
1067 2424 1094 2465 2⁰

119 2501 206 2584 LV'I.
240 2513 298 2586 Ἐν
326 2509 353 2609 ᾦ
382 2517 420 2586 δὲ
450 2509 545 2588 οὗτοι
573 2516 633 2598 τὰς
661 2515 760 2606 εὐχάς
790 2517 1005 2605 ἐποιήσαντο,
1033 2517 1053 2606 ἡ

49 2623 202 2702 μέλλουσα
238 2628 489 2713 καθιεροῦσθαι
525 2616 567 2705 ύς
605 2625 759 2713 ἐγκύμων
798 2617 883 2694 οὖσα
918 2625 975 2694 καὶ
1012 2623 1054 2694 ού

48 2728 146 2814 πρόσω
170 2729 276 2800 τόκου
298 2735 557 2820 καταρχομένων
581 2729 684 2819 αὐτῆς
703 2735 773 2802 τῶν
795 2731 958 2819 θυτήρων
982 2735 1054 2800 δια-

48 2841 214 2926 σεισαμένη
237 2840 294 2906 καὶ
312 2837 538 2926 ἀποφυγοῦσα
556 2838 636 2919 τούς
658 2841 857 2927 κατέχοντας
879 2836 952 2907 ἀνω
977 2843 1053 2922 [θα-

52 3058 57 3080 ,
103 3004 117 3052 1
143 2993 288 3072 ἐντούτῳ
311 2997 414 3054 Reiske
438 2994 528 3055 τούτω
552 2997 575 3053 Β
607 2999 691 3055 τούτο
710 3000 735 3052 R
826 3005 841 3054 7
872 2994 982 3068 ἐρυθρά
1005 2998 1053 3070 B!

49 3070 170 3137 εςυθραῐς
187 3071 214 3123 Α
230 3071 235 3140 Ι
251 3069 375 3140 *οχεαίω
394 3071 448 3126 ΔΒ
482 3068 584 3141 σχεδὸν
604 3071 726 3144 Sylbutg
749 3071 841 3140 χωρία
859 3071 962 3126 Portus
985 3088 1055 3138 σπη-

46 3138 101 3210 λαίῳ
119 3157 142 3196 ο.
161 3141 269 3196 Reiske
288 3143 442 3215 χρηστηρίῳ
467 3159 490 3198 ο.
513 3143 636 3198 Sintenis
654 3143 715 3197 Em.
734 3123 852 3196 Βίοα.ΪΙ
870 3160 898 3212 p.
918 3148 934 3195 3
962 3143 1053 3213 πεδίῳ

48 3205 159 3266 Schaller
180 3209 271 3287 ἐχυρῷ
290 3214 436 3268 Meutzner
449 3216 523 3270 Ann.
539 3214 609 3284 phil.
625 3220 693 3270 18⁷7
712 3232 740 3284 p.
761 3219 813 3269 822
887 3219 904 3267 8
923 3207 993 3280 ἤδηο
1007 3213 1054 3266 Βιι

73 3286 86 3333 9
103 3279 332 3358 χρ<η>ομωδ<δς
350 3279 391 3358 ἣ)
409 3285 432 3340 Β
447 3287 452 3354 Ι
468 3285 542 3354 πλῆν
559 3285 606 3341 Ba
674 3293 708 3340 10
726 3282 841 3347 *ἕωςΟ
858 3283 864 3352 Ι
879 3279 911 3337 τὸ
932 3299 985 3338 om.
1005 3283 1030 3336 Α
1046 3282 1051 3354 Ι

47 3351 201 3410 κατέδονται
220 3357 326 3412 Usener
348 3356 538 3412 κατεδούνται
556 3357 609 3411 ΑΒ
687 3363 720 3412 12
746 3351 812 3411 ὅποι
836 3355 860 3408 Β
894 3357 898 3421 Ι
932 3347 989 3420 ὅπη
1015 3349 1052 3407 ἀν

48 3417 131 3496 κάμψῃ
151 3444 176 3482 ο.
193 3428 299 3483 Usener
316 3427 483 3484 Mus.Rhen.
494 3427 572 3482 XXV
592 3435 644 3484 610
709 3433 742 3482 22
754 3421 792 3488 ὡς
812 3420 943 3495 ἐγκύμων
960 3406 1053 3486 &Aa

17 3519 18 3526 ι
74 3499 104 3550 24
121 3492 183 3552 ἀνω
203 3497 225 3553 O
244 3495 303 3553 ἀπὸ
324 3517 346 3554 ο.
366 3499 510 3568 Kiessling
525 3501 529 3568 Ι
546 3495 714 3567 *θαλάττης
731 3496 824 3552 delevi
