2408 3928
459 232 624 286 -B-

267 331 285 361 0

8 407 151 473 λιιχουσα
172 392 231 458 τοῦ
252 390 382 478 κόσμου
404 391 510 461 τόπον
536 390 596 472 τάς
622 390 763 473 ἀνάψεις
784 397 846 462 τοῦ
868 398 1050 482 μεταρσίου

48 508 180 564 ποιεῖται
205 493 312 586 πυρὸς
338 493 398 584 άφ’
425 498 553 586 ἑαυτῆς.
604 500 669 567 είσλ
697 501 738 568 δέ
765 526 856 580 τινες
883 502 920 566 οἵ
943 519 1049 587 φασιν

49 603 102 682 ἔξω
127 605 189 671 τοῦ
216 601 322 693 πυρὸς
349 599 522 694 άπόρρητα
551 620 624 686 τοῖς
650 612 787 686 πολλοῖς
814 604 888 694 ίερά
914 612 1053 675 κεῖσθαί

48 734 113 775 τινα
139 711 177 778 ἐν
203 713 250 802 τῷ
278 712 408 799 τεμένει
439 715 499 799 τῆς
525 717 624 798 θεάς,
653 704 702 782 όν
731 716 825 782 οἵτε
852 713 1050 802 ἱεροφάνται

49 812 100 902 τὴν
127 818 257 902 γνάσιν
290 822 405 906 ἔχουσι
436 819 493 888 καλ
525 822 563 888 αλ
583 821 766 909 παρθένοι,
798 819 977 909 τεκμήριον
1008 818 1077 889 οόε

49 921 156 1012 μικρὸν
183 923 408 1014 παρεχόμενοι
436 929 497 996 τοῦ
523 926 631 1012 λόγου
657 924 696 996 τὸ
724 925 858 1015 συμβὰν
885 928 960 1016 περὶ
987 926 1049 1016 τὴν

50 1034 200 1118 ἔμπρησιν
233 1035 295 1101 τοῦ
330 1035 424 1122 ίεροῦ
455 1032 539 1102 κατὰ
574 1031 635 1102 τόν
671 1033 869 1103 Φοινικικόν
900 1034 1050 1124 πόλεμον

49 1135 97 1204 τόν
121 1141 259 1226 πρῶτον
287 1139 456 1210 συστάντα
477 1137 654 1228 Ῥωμαίοις
680 1139 764 1230 πρὸς
791 1145 1051 1229 Καρχηδονίους

50 1245 109 1331 περὶ
135 1251 305 1327 Σικελίας.
351 1249 603 1337 ἐμπρησθέντος
628 1247 693 1337 γάρ
720 1253 783 1318 τοῦ
808 1250 969 1337 τεμένους
994 1248 1091 1318 καλ4

51 1354 101 1418 τάν
126 1353 313 1442 παρθένων
341 1359 544 1441 φευγουσῶν
577 1357 612 1424 ἐκ
639 1360 701 1424 τοῦ
732 1354 839 1445 πυρὸς
867 1359 936 1426 τῶν
964 1359 1050 1444 ίερο-
1065 1372 1091 1412 1⁰

48 1462 171 1540 φαντάν
199 1487 252 1540 τις
279 1460 423 1542 Λεύκιος
445 1466 621 1542 Καικίλιος
648 1459 666 1530 ὁ
694 1460 902 1549 καλούμενος
923 1462 1051 1531 Μέτελ-

46 1571 95 1644 λος
113 1563 203 1658 ἀνὴρ
227 1564 403 1654 ὑπατικός,
432 1565 449 1635 ὁ
476 1565 538 1637 τόν
560 1566 719 1657 ἀοίδιμον
747 1571 783 1637 ἐκ
805 1573 963 1648 Σικελίας
986 1567 1050 1637 άπὸ

47 1677 286 1760 Καρχηδονίων
327 1672 526 1761 καταγαγὼν
568 1671 652 1745 όκτά
693 1677 749 1744 καλ
788 1674 956 1765 τράκοντα
995 1677 1051 1744 καλ

45 1778 151 1848 εἰιατόν
190 1779 386 1867 ἐλεφάντων
427 1786 616 1870 θρίαμβον,
656 1779 827 1872 ὑπεριδὼν
867 1786 926 1870 τῆς
963 1785 1052 1863 ίδίας

45 1883 220 1974 ἀσφαλείας
255 1890 316 1956 τοῦ
352 1891 451 1977 κοινῇ
493 1890 726 1979 συμφέροντος
762 1891 859 1958 ἕνεκα
894 1913 1052 1978 παρεκιν-
1065 1901 1090 1944 1⁶

45 1990 199 2063 δόνευσεν
233 1999 281 2075 είς
312 1991 353 2063 τὰ
383 1993 547 2083 καιόμενα
579 1995 765 2083 βιάσασθαι
795 1997 852 2065 καλ
883 1994 925 2064 τά
953 2021 1051 2065 κατα-
1125 1989 1159 2050 ί·”

44 2102 220 2186 λειφθέντα
247 2098 314 2170 ὑπὸ
341 2105 411 2171 τῶν
442 2103 627 2191 παρθένων
655 2100 806 2191 ἁρπάσας
834 2099 907 2189 ίερόι
934 2104 1051 2172 διέσω-

45 2223 92 2273 σεν
123 2210 160 2277 ἐκ
191 2211 255 2277 τοῦ
286 2208 407 2295 πυρός·
441 2206 494 2296 ἐφ’
525 2200 553 2301 ᾦ
584 2207 681 2297 τιμὰς
711 2206 802 2298 παρά
833 2213 892 2297 τῆς
923 2208 1051 2290 πόλεως

45 2313 234 2400 ίξηνέηκατο
258 2314 417 2403 μεγάλας,
441 2313 486 2396 ὡς
514 2313 535 2403 η
558 2319 617 2404 τῆς
644 2315 777 2396 είκόυος
804 2313 909 2386 αὐτοῦ
931 2321 990 2404 τῆς
1013 2318 1050 2385 ἐν

44 2425 238 2513 Καπιτωλίῳ
270 2425 427 2510 κειμένης
458 2422 624 2511 ἐπιγραφὴ
656 2436 825 2512 μαρτυρεῖ.
879 2426 980 2491 τοῦτο
1009 2420 1050 2510 δὴ

44 2527 197 2614 λαβόντες
229 2525 504 2617 ὁμολογούμενον
537 2528 823 2599 ἐπισυνάπτουσιν
851 2525 947 2597 αὐτοὶ
977 2549 1051 2598 στο-

8 2635 187 2722 στοχασμούς
210 2661 306 2715 τινας
328 2639 453 2722 ίδίους,
482 2639 517 2704 οί
543 2635 604 2723 μέν
629 2637 754 2704 ἐκτῶν
779 2637 816 2704 έν
839 2635 1051 2726 Σαμοθρᾴκῃ

44 2741 187 2825 λέγοντες
215 2744 317 2829 ίερῶν
345 2756 468 2830 μοῖραν
496 2740 588 2810 εἷναί
611 2767 686 2810 τινα
709 2745 966 2830 φυλαττομένην
989 2741 1051 2831 τὴν

45 2847 176 2933 ἐνθάδε,
215 2847 405 2935 Δαρδάνου
446 2847 509 2937 μὲν
549 2853 598 2928 είς
632 2846 694 2936 τὴν
734 2846 795 2936 ὑφ’
827 2850 949 2918 ἑαυτοῦ
985 2876 1052 2919 κτι-

45 2961 178 3023 σθεῖσαν
211 2954 312 3024 πόλιν
345 2958 382 3024 ἐκ
412 2959 471 3043 τῆς
500 2955 609 3043 νήσου
640 2953 682 3024 τὰ
714 2954 787 3046 ίερόι
817 2961 1052 3046 μετενεγκαμέ-
1066 2978 1092 3020 ει

1066 2391 1087 2457 5

1065 2481 1093 2520 20

109 3226 124 3275 5
142 3224 209 3293 φοοδ
224 3217 320 3290 έχουσι
333 3221 473 3292 Kiessling
487 3216 571 3294 μόνοι
586 3221 723 3278 excidisse
737 3223 841 3278 εοωεολΙ
886 3230 918 3278 11
934 3221 1053 3296 ικε>ιιί-

48 3291 135 3354 λιοςΒ
209 3297 243 3348 16
261 3289 504 3362 παρεκινδόνενσε
523 3297 549 3348 A
622 3300 657 3349 20
675 3295 838 3367 κατιετωλίφ
857 3294 879 3348 Β
896 3297 901 3363 Ι
920 3293 1053 3364 κειμένης

48 3359 173 3420 Bfleheler
210 3358 400 3433 ἀνακειμένης
422 3365 526 3420 Reiske
562 3363 763 3436 ηενομένηςΟ
850 3371 883 3419 21
908 3359 1052 3428 αότοῖςΟ

49 3437 76 3486 23
92 3455 155 3490 τινα
173 3433 390 3507 φυλαττομένην
408 3436 431 3490 Β
454 3437 491 3491 τά
512 3434 608 3491 αίνεία
627 3434 842 3506 φυλαττομένην
861 3438 886 3492 R
909 3457 973 3491 τινα
992 3439 1053 3493 δια-

50 3505 255 3578 φυλαττομένην
274 3504 296 3564 ο.
318 3506 441 3562 Sintenis
459 3491 520 3563 Em.
539 3507 622 3565 Dion.
642 3509 654 3562 I
672 3525 699 3576 p.
720 3512 753 3561 17
