2408 3928
409 207 630 284 .“““Β““

57 382 135 436 πεῖν·
166 365 275 438 Ἐστία
310 373 369 456 τῆς
400 366 575 456 Ῥωμαίων
610 367 738 448 πόλεως
775 368 900 454 φύλαξ,
936 373 967 437 εί
997 367 1095 455 μὲν4

56 474 146 557 ὁσίως
165 477 221 545 καὶ
240 480 377 558 δικαίως
395 475 599 546 ἐπιτετέλεκά
618 495 672 544 σοι
691 472 731 544 τά
751 475 824 564 λερά
843 474 971 564 χρόνον
991 475 1060 544 ὀλί-
1117 477 1156 514 μ’

55 609 110 669 γον
136 583 255 652 δέοντα
280 587 557 672 τριακονταετοῦς
583 583 641 652 καί
668 581 780 671 ψυχὴν
808 588 931 671 έχονσα
953 592 1059 652 καθα·
1186 625 1187 668 3

55 687 110 778 ρδιν
135 692 192 761 καί
220 695 315 779 σῶμα
342 688 466 778 ἁγνόν,
499 689 691 777 ἐπιφάνηθί
715 716 772 778 μοι
799 691 856 759 καὶ
882 689 1060 778 βοήθησον
1186 705 1187 762 1

55 797 101 864 καί
130 795 174 885 μὴ
206 801 359 888 περιίδῃς
390 795 453 886 τὴν
480 802 622 884 σεαυτῆς
650 799 774 885 ἱέρειαν
801 796 863 894 τὸν
891 805 1086 866 οίκτιστονσ

57 903 149 992 μόρον
171 903 429 975 ἀποθανοῦσαν·
460 909 491 974 εί
514 905 552 973 δὲ
573 901 719 974 ἀνόσιόν
741 929 774 972 τι
796 905 983 994 πέπρακταί
1003 931 1060 991 μοι

56 1023 118 1092 ταῖς
138 1013 234 1100 έμαῖς
255 1018 429 1100 τιμωρίαις
454 1009 493 1081 τὸ
516 1016 576 1100 τῆς
597 1011 726 1092 πόλεως
753 1009 836 1098 άγος
858 1009 1060 1098 ἀφάγνισον.

57 1114 135 1186 ταῦτ’
161 1122 326 1189 εἰποῦσαν
353 1121 410 1188 καλ
439 1119 687 1208 περιρρήξασαν
714 1116 778 1188 ἀπὸ
811 1121 870 1206 τῆς
900 1123 1097 1208 καρπασί-5

57 1251 107 1312 νης
145 1229 305 1314 ἐσθῆτος,
346 1222 390 1314 ἣν
431 1231 547 1314 ἔτυχεν
588 1227 803 1313 ένδεδνκνῖα,
844 1231 962 1312 βαλεῖν
1000 1223 1061 1294 τὸν

60 1339 221 1421 τελαμῶνα
244 1334 297 1402 έπδ
318 1330 380 1403 τὸν
399 1331 516 1422 βωμὸν
539 1332 619 1421 μετά
638 1332 700 1421 τὴν
723 1331 826 1421 εὐχὴν
848 1335 983 1420 λέγουσι
1005 1332 1062 1400 καὶ
1077 1361 1103 1401 10

58 1439 161 1528 ἕκτης
185 1443 437 1528 κατεψυγμένης
462 1439 527 1529 πρὸ
554 1445 683 1509 πολλοῦ
709 1442 765 1509 καί
789 1437 916 1509 οὐδένα
938 1447 1063 1527 φυλατ-

17 1546 170 1635 ῖῖῖτοάσης
203 1551 376 1636 σπινθῆρα
408 1549 532 1635 τέφρας
566 1547 763 1635 ἀναλάμψαι
791 1547 902 1635 φλόγα
933 1545 1062 1635 πολλὴν

55 1652 102 1720 διὰ
126 1659 188 1742 τῆς
216 1655 408 1743 καρπάσου,
437 1652 521 1724 ὥστε
549 1654 655 1742 μηδὲν
684 1659 733 1722 ἔτι
760 1658 877 1741 δεῆσαι
903 1657 943 1744 τῇ
967 1661 1060 1724 πόλει

53 1762 123 1847 μήτε
145 1761 323 1849 ἀγνισμάν
347 1761 429 1850 μήτε
450 1764 534 1832 νέον
555 1761 669 1850 πυρός.

131 1870 300 1938 LXVfflL
322 1866 397 1938 Ἔτι
421 1868 459 1938 δὲ
477 1867 602 1939 τούτων
619 1866 900 1957 θαυμασιώτερόν
920 1869 990 1936 έστι
1007 1869 1063 1936 καὶ
1079 1892 1103 1932 1⁵

55 1975 145 2068 μάθφ
176 1980 305 2064 μάλλον
333 1974 442 2056 ἐοικὸς
474 1972 493 2044 δ
522 1976 630 2064 μέλλω
663 1976 783 2062 λέγειν.
836 1979 1067 2062 κατηγορῆσαί

54 2083 120 2151 τινά
149 2103 256 2172 φασιν
284 2081 410 2164 ἀδίκως
441 2085 519 2171 μιάς
550 2086 618 2153 τάν
650 2083 833 2171 παρθένων
861 2086 931 2152 τῶν
961 2086 1063 2169 ίεριδν

57 2196 193 2272 Τνκκίας
225 2189 350 2279 ὄνομα,
381 2188 577 2279 ἀφανισμὸν
609 2189 671 2278 μὲν
703 2188 810 2279 πυρὸς
846 2186 908 2259 οὐκ
945 2195 1063 2276 έχοντα

55 2302 247 2388 προφέρειν,
271 2296 374 2379 ἀλλας
397 2300 438 2367 δέ
457 2325 551 2379 τινας
575 2299 607 2378 έξ
636 2297 775 2367 είκότων
798 2302 985 2385 τεκμηρίων
1007 2296 1064 2364 καὶ

57 2409 243 2494 μαρτυριῶν
275 2402 462 2488 ἀποδείξεις
494 2407 641 2495 φέροντα
674 2401 737 2474 οὐκ
763 2402 916 2491 ἀληθεῖς·
953 2411 1065 2472 κελεν-
1078 2433 1105 2472 ιο

58 2520 193 2580 σθεῖσαν
226 2509 258 2578 δ’
288 2509 532 2599 ἀπολογεῖσθαι
568 2510 631 2600 τὴν
663 2511 838 2598 παρθένον
872 2515 972 2579 τοῦτο
1005 2509 1065 2598 μό-

57 2643 112 2685 νον
144 2623 265 2705 είπεῖν,
298 2616 351 2687 ὅτι
381 2632 452 2699 τοῖς
486 2623 597 2705 ἔργοις
629 2616 831 2686 ἀπολύσεται
859 2616 919 2697 τάς
950 2621 1065 2704 διαβο-

58 2724 122 2804 λάς·
155 2729 262 2796 ταῦτα
299 2723 331 2793 δ’
367 2729 532 2794 εἰποῦσαν
562 2725 619 2793 καὶ
650 2722 713 2811 τὴν
748 2723 836 2814 θεὸη
872 2727 1101 2801 έπικαλεσα-2

59 2833 156 2920 μένην
183 2830 333 2922 ἡγεμόνα
359 2836 418 2920 τῆς
446 2829 531 2900 ὁδοῦ
557 2831 718 2918 γενέσθαι
742 2830 904 2919 προάγειν
929 2832 982 2900 ἐπὶ
1005 2829 1066 2899 τὸν

62 2941 191 3029 Τέβεριν
230 2939 480 3028 ἐπιτρεψάντων
517 2938 578 3026 μὲν
615 2937 700 3028 αὐτῇ
736 2943 806 3009 τάν
843 2940 1066 3028 ἱεροφαντῶν,
1081 2957 1106 2997 2⁵

123 3141 138 3192 2
157 3131 339 3191 έπιτετέλειια
357 3135 500 3205 Kiessling
517 3133 650 3204 τετέλεκα
670 3133 693 3189 Ο
711 3136 715 3203 Ι
731 3129 816 3206 ὀλίγῳ
836 3133 858 3189 0
884 3149 954 3190 corr.
974 3133 1066 3189 Kiess·

60 3202 114 3292 ling
175 3205 470 3274 θτριακονετοδςλο
532 3201 788 3278 4βοήθησον..Β
809 3201 957 3278 βοήθησόν
975 3224 1005 3260 τε
1020 3205 1068 3259 Aa

62 3273 198 3366 βοηθησάν
225 3297 258 3347 γε
286 3277 335 3332 Ab
372 3278 397 3349 β.
425 3278 480 3332 νῦν
507 3297 538 3349 γε
568 3294 590 3331 ο.
618 3276 722 3332 Reiske
804 3281 820 3329 5
843 3271 894 3331 τὸν
917 3273 939 3328 Β
968 3291 1023 3330 om.
1042 3274 1068 3328 R

63 3351 251 3404 δαποθανεῖν
270 3349 316 3403 Bb
389 3343 629 3474 ῖάράγνισὲον)
647 3348 670 3402 Β
689 3344 892 3434 ἀφάγνισαιΑ
964 3353 1067 3414 διαρ-

62 3419 222 3496 πασ<ή>νης
240 3420 264 3473 Β
339 3426 372 3474 10
391 3439 462 3491 μετα
480 3415 533 3489 τὴν
593 3415 664 3488 μετά
682 3417 715 3475 δὲ
734 3438 788 3489 την
806 3419 832 3472 R
847 3421 851 3488 Ι
867 3419 917 3473 καί
935 3417 957 3472 Β
974 3436 1029 3474 om.
1043 3419 1069 3472 R

65 3495 94 3543 18
108 3495 221 3564 ινγιιίας
241 3491 263 3547 0
283 3508 352 3547 corr.
372 3491 514 3562 Kiessling
587 3497 621 3545 21
639 3491 777 3547 τοσοῦτοί
925 3517 927 3522 ·
