2404 3918
162 209 229 276 322
589 245 623 253 -
662 216 757 266 Γ-

160 374 264 442 ταῦτα
292 371 451 460 κράτιστα
478 375 582 440 πᾶσιν
614 368 697 461 ὑμῖν
730 377 867 442 ἔσεσθαι
896 376 1002 460 δοκεῖ,
1027 372 1153 461 πράττω-

161 504 223 566 μεν
252 477 336 548 αὐτόν
365 478 469 560 θεοὺς
495 479 551 548 καὶ
580 482 744 567 δαίμονας
769 478 923 568 άρωγοδς
946 479 1152 566 ἐπικαλεσάμε-

160 611 227 672 νοι,
251 589 283 654 εί
305 587 346 654 δέ
365 612 415 666 τις
438 581 534 673 ὑμῶν
552 583 715 656 τάναντία
738 591 862 674 ἔγνωκε
885 588 941 656 καί
966 590 1057 655 δυεῖν
1073 585 1153 654 θάτε-

160 687 263 780 ρονῆ
287 693 452 780 μηδέποτε
475 690 720 763 άνασοόσασθαι
742 689 781 762 τὸ
804 690 947 781 άρχαῖον
970 692 1092 782 ἀξίωμα
1109 697 1152 778 τῆς

130 797 286 880 επόλεως
309 808 414 868 οίεται
438 803 522 885 δεῖν,
545 794 706 887 ἢααιρὸν
725 798 841 888 ἕτερόν
859 827 937 869 τινα
959 804 1032 885 [τοῦ
1048 799 1151 890 παρόν-

156 911 227 990 τος]
255 905 523 994 ἐπιτηδειότερον
545 908 736 993 περιμένων
759 902 984 991 ἀναβάλλεται
1010 905 1068 976 τόν
1087 931 1151 994 περ·

157 1011 250 1098 όντα,
273 1010 318 1100 μὴ
341 1016 542 1082 κατοκνείτω
560 1013 679 1101 φέρειν
703 1017 751 1092 είς
769 1013 874 1099 μέσον
897 1008 919 1080 ἃ
942 1025 1074 1100 φρονεῖ·
1094 1010 1110 1081 ό
1128 1039 1150 1079 τι

155 1117 219 1207 γάρ
244 1114 287 1186 ἂν
310 1115 435 1188 ἅπασιν
458 1117 540 1208 ὑμῖν
562 1119 742 1205 κράτιστον
761 1122 854 1208 φανῇ
876 1117 1048 1207 βούλευμα
1064 1117 1149 1210 τοότρ

154 1225 359 1313 χρησόμεθα.
428 1267 431 1274 ·

115 1357 142 1398 ιο
244 1335 383 1402 XXIIII.
409 1331 679 1402 Ἐπαινεσάντων
704 1332 742 1401 δὲ
760 1331 823 1420 τὴν
841 1331 981 1420 γνάμην
1000 1337 1067 1402 των
1088 1357 1148 1420 παρ

152 1438 264 1508 όντων
290 1440 347 1508 καὶ
373 1439 482 1510 πάντα
509 1437 752 1528 ὑποσχομένων
779 1438 935 1527 ποιήσειν
963 1438 1077 1530 ὅρκοις
1097 1441 1144 1506 έκε-

152 1563 233 1613 στον
256 1543 369 1614 αὐτῶν
391 1543 590 1632 καταλαβὼν
614 1546 747 1615 διέλυσε
765 1543 827 1615 τὸν
849 1545 1029 1632 σύλλογον.
1066 1551 1102 1636 τῇ
1120 1541 1169 1611 δελ

151 1651 226 1738 ἑξῆς
252 1648 360 1742 ἡμέρᾳ
386 1650 557 1741 προῄεσαν
585 1651 647 1740 μὲν
675 1655 711 1721 ἐκ
738 1655 800 1722 τοῦ
827 1651 974 1740 χάρακος
1000 1656 1039 1720 αί
1066 1655 1146 1737 Φιδη·

150 1763 258 1825 ναίων
280 1783 316 1826 τε
338 1758 394 1827 καὶ
419 1757 602 1847 συμμάχων
632 1757 795 1845 δυνάμεις
820 1756 890 1847 ἅμα
917 1762 963 1852 τῷ
986 1757 1049 1830 τὸν
1071 1757 1149 1846 ἥλιον

111 1887 136 1927 15
152 1861 312 1952 ἀνασχεῖν
334 1866 390 1932 καὶ
412 1864 662 1951 παρετάσσοντο
692 1863 736 1946 ὡς
765 1870 813 1946 είς
835 1864 956 1953 μάχην,
980 1863 1149 1954 άντεπεξηε·

107 1969 214 2038 2σαν
238 1970 276 2039 δὲ
299 1974 335 2040 ολ
352 1967 509 2060 Ῥωμαῖοι
531 1974 588 2040 καὶ
605 1978 813 2042 καθίσταντο
837 1977 885 2052 είς
902 1971 1007 2053 τάξιν.
1047 1970 1149 2059 τὸμὲν

148 2069 212 2146 οὖν
235 2074 414 2165 ἀριστερόν
436 2079 536 2167 κέρας
557 2076 659 2159 αὐτὸς
683 2076 700 2147 ό
728 2077 856 2160 Τύλλος
878 2079 934 2147 καὶ
958 2082 994 2147 οί
1009 2076 1147 2167 Ῥωμαῖοι

145 2196 301 2272 κατεῖχον
328 2186 477 2255 ἐναντίοι
506 2183 726 2267 Οὐιεντανοῖς
755 2177 865 2275 (οὗτοι
891 2184 956 2274 γάρ
985 2183 1023 2254 τό
1054 2183 1147 2267 δεξιὸν
1181 2209 1182 2254 5

145 2294 214 2359 τεόν
236 2294 407 2378 πολεμίων
430 2303 585 2378 κατεῖχον
602 2292 725 2379 κέρας),
749 2293 802 2360 ἐπὶ
826 2291 864 2361 δέ
885 2297 946 2362 τοῦ
967 2295 1079 2374 δεξιοῦ
1094 2295 1146 2361 τόν

104 2422 131 2463 ιο
141 2395 315 2485 Ῥωμαίων
346 2395 485 2482 κέρατος
516 2394 534 2464 ό
569 2397 713 2477 Μέττιος
744 2398 801 2466 καὶ
834 2401 870 2467 οί
894 2396 1051 2486 Ἀλβανοὶ
1081 2395 1146 2467 κατὰ

148 2508 356 2592 Φιδηναίους
386 2501 477 2589 παρὰ
508 2500 571 2590 τὴν
605 2502 735 2590 λαγόνα
766 2509 828 2573 τοῦ
861 2502 964 2592 ὄρους
996 2505 1145 2588 ἐτάξαντο.

102 2609 213 2680 δέπεὶ
242 2611 279 2680 δέ
308 2610 473 2697 σύνεγγυς
500 2607 657 2697 ἀλλήλων
684 2612 855 2696 ἐγίνοντο,
882 2611 964 2697 πρὶν
993 2611 1086 2693 ἐντὸς
1104 2611 1144 2698 βέ-

143 2726 225 2798 λους
247 2719 408 2804 γενέσθαι
432 2719 467 2786 οί
484 2714 642 2804 Ἀλβανοὶ
665 2719 860 2805 σχισθέντες
883 2715 948 2786 άπὸ
971 2723 1034 2786 τοῦ
1056 2717 1144 2786 άλλοο

143 2827 286 2910 στρατοῦ
321 2825 609 2910 συντεταγμένους
645 2817 731 2910 ἦγον
764 2824 844 2904 τοὺς
875 2824 998 2912 λόχους
1035 2826 1084 2894 ἐπὶ
1114 2821 1142 2890 τὸ

100 2955 127 2996 νε
143 2929 229 3020 όρος.
279 2932 314 2998 οί
348 2929 410 3017 μέν
449 2921 512 2999 οὖν
547 2933 728 3016 Φιδηναῖοι
765 2929 933 3019 μαθόντες
968 2936 1067 3001 τοῦτο
1098 2931 1141 2999 καί

117 3037 376 3117 ,πιστεύσαντες
407 3034 590 3124 άληθεόειν
623 3043 720 3124 σφίσι
752 3034 811 3118 τάς
844 3039 920 3124 περὶ
946 3042 1007 3125 τῆς
1035 3041 1139 3126 προδο-

211 3276 226 3324 5
245 3269 296 3324 τοῦ
315 3262 458 3337 παρόντος
477 3266 530 3322 del.
545 3267 667 3323 Reudler
682 3268 771 3324 Tiroc.
809 3273 860 3324 ‚30
926 3275 941 3324 6
961 3266 1138 3341 περιμένωνΒ

137 3336 290 3424 ἀναμένων
308 3341 334 3394 R
407 3344 439 3420 ¹:⁹³
460 3332 533 3391 ἒκΒ
558 3333 648 3421 {an
726 3345 758 3395 18
786 3287 910 3426 Ivoevvfoz
933 3337 1136 3427 Β’ένοιντίο,νΙλ

138 3415 347 3536 ἓῖύμεῖῗοὲτες
374 3426 457 3463 τουτο
480 3409 503 3461 Β
528 3427 612 3462 τουτο
640 3429 667 3480 μ,
686 3411 712 3464 R
799 3417 833 3466 26
858 3413 1017 3481 αληθενειν
1039 3414 1060 3467 Β
1083 3414 1135 3476 αλη-
