2396 3918
146 203 211 268 144
571 205 737 258 -Δ-

143 377 214 444 τοίς
236 368 427 442 νεανίσκοις
449 363 504 430 καλ
527 361 680 450 χρήματα
705 363 761 431 καὶ
785 360 873 431 ὅπλα
899 361 956 430 καλ
983 373 1069 440 σίτος
1095 361 1135 427 καὶ

144 467 344 558 ἀνδράποδα
370 469 426 537 καί
457 465 622 553 ὑποζύγια
653 465 836 556 ἀχθοφόρα
865 467 922 536 καί
954 476 988 535 εί
1014 493 1045 536 τι
1073 464 1135 534 ἄλλο

105 575 274 656 4πύλεοος
300 567 345 663 ήν
372 578 558 664 κατασκευῇ
587 574 796 664 πρόσφορον.
843 571 888 654 ὥς
911 574 950 643 δὲ
972 572 1137 661 ἀνέστησαν

146 686 181 753 έκ
207 687 267 771 τῆς
280 681 406 769 ’Ἀλβας
433 685 470 751 ολ
493 687 669 751 νεανίσκοι
695 679 756 750 τὸν
784 678 871 750 λεὼν
895 682 1047 769 μίξαντες
1068 678 1137 771 αύτῷ

72 857 76 864 ,
104 820 118 860 ε
144 789 205 859 τὸν
229 788 389 875 αὐτόθεν,
408 787 489 869 ὅσος
510 779 554 876 ήν
578 791 615 857 έν
638 791 684 881 τῷ
704 794 905 880 Παλλαντίῳ
923 789 981 856 καί
1003 789 1077 877 περὶ
1094 785 1139 874 τήν

146 901 341 985 Σατορνίαν
363 893 540 983 ὑπολιπής,
564 901 754 984 μερίζονται
784 893 821 964 τὸ
844 899 977 982 πλῆθος
999 893 1086 964 ἅπαν
1106 897 1141 960 δι

146 1006 203 1093 χή.
243 1004 342 1072 τοῦτο
371 1001 410 1070 δέ
437 999 552 1081 αύτοίς
580 1000 684 1083 δόξαν
707 1001 850 1090 παρέσχε
880 1007 1081 1089 φιλοτιμίας,
1100 1003 1142 1067 ἵνα

145 1113 274 1210 θᾶττον
301 1103 446 1194 ἀνύηται
473 1111 513 1196 τῇ
543 1105 628 1197 πρὸς
655 1104 823 1194 ἀλλήλους
845 1104 967 1198 ἁμίλλη
996 1105 1038 1176 τὰ
1067 1112 1172 1194 ἔρχομαι

107 1219 257 1284 δαίτιον
282 1213 319 1282 δὲ
341 1217 402 1282 τού
430 1219 589 1303 μεγίστου
611 1217 733 1300 κακοῦ,
756 1214 919 1301 στάσεως,
943 1216 1085 1301 ἐγένετο.
1122 1215 1147 1279 ολ

106 1344 132 1383 10
145 1348 180 1391 τε
207 1318 271 1409 χάρ
298 1322 593 1409 προσνεμηθέντες
620 1318 737 1401 αὐτοῖς
762 1320 822 1391 τὸν
852 1324 982 1392 ἑαυτῶν
1014 1318 1146 1408 ήχεμάνα

147 1430 279 1497 ἕκαστοι
306 1430 526 1506 κυδαίνοντες
557 1424 604 1507 ὥς
633 1426 824 1514 ἐπιτήδειον
855 1425 1016 1497 ἁπάντων
1048 1426 1146 1518 ἀρχειν

147 1536 287 1624 ἐπήρου,
315 1531 417 1601 αύτοί
439 1558 474 1601 τε
503 1532 614 1602 οὐκέτι
643 1537 724 1620 μίαν
752 1533 894 1622 γνώμην
923 1539 1058 1622 ἔχοντες
1084 1530 1148 1602 ούδλ

147 1637 280 1728 ἀδελφὰ
302 1644 517 1710 διανοεῖσθαι
540 1637 728 1728 ἀξιοῦντες,
757 1639 803 1722 ὡς
825 1637 927 1721 αὐτὸς
954 1640 1068 1730 ἄρξων
1092 1638 1150 1710 ἐκύ-
1185 1669 1186 1682 ’

146 1773 242 1836 τερος
260 1749 420 1835 θατέρου,
438 1745 654 1835 παρώσαντες
671 1745 709 1816 τὸ
735 1756 811 1818 ίσον
829 1751 891 1818 τού
909 1753 1067 1830 πλείονος
1086 1746 1150 1834 ἀρέ-

107 1875 133 1915 1⁵
146 1879 259 1940 γοντα.
302 1855 383 1934 τέως
406 1853 468 1942 μὲν
488 1845 552 1922 οὖν
571 1852 685 1943 ἀφανῆ
704 1854 745 1924 τὰ
763 1854 1034 1944 πλεονεκτήματα
1052 1853 1152 1924 αὐτῶν

108 1965 129 2030 6
148 1950 201 2048 ήν,
224 1964 336 2028 ἔπειτα
359 1959 398 2028 δὲ
421 1959 581 2049 έξερράχη
600 1960 665 2030 σὺν
689 1966 804 2052 τοιᾷδε
821 1961 1000 2050 προφάσει.
1041 1959 1080 2030 τὸ
1103 1986 1154 2047 χο-

148 2072 224 2155 ρίον
252 2072 338 2148 ἔνθα
366 2071 506 2154 ἔμελλον
538 2068 692 2156 ἱδρύσειν
724 2069 788 2155 τήν
815 2068 916 2138 πόλιν
945 2066 987 2138 ού
1013 2066 1051 2138 τὸ
1083 2063 1155 2135 αύτὸ
1187 2075 1188 2088 ’

146 2171 259 2264 ήρείτο
279 2172 441 2261 ἑκάτερος.
468 2171 643 2261 Ῥωμύλου
656 2174 719 2262 μὲν
737 2174 802 2263 γὰρ
820 2169 865 2262 ήν
883 2174 1001 2263 χνύμη
1020 2173 1058 2245 τὸ
1080 2180 1157 2244 Παλ-

147 2280 286 2349 λάντιον
310 2283 447 2377 οἰκίζειν
475 2283 542 2348 τῶν
569 2305 605 2348 τε
632 2279 745 2350 ἄλλων
775 2283 872 2350 ἕνεκα
899 2283 955 2350 καί
982 2286 1042 2370 τῆς
1066 2280 1159 2368 τύχης

107 2416 134 2456 20
147 2390 208 2456 τού
226 2385 344 2472 τόπου,
363 2381 384 2472 ή
403 2383 441 2454 τὸ
462 2390 623 2472 σωθῆναί
636 2412 672 2455 τε
692 2385 806 2467 αύτοίς
823 2389 881 2457 καί
893 2391 1067 2476 τραφήναι
1086 2412 1159 2474 παρ

149 2495 237 2579 έσχε·
263 2490 379 2583 Ῥύμφ
405 2491 442 2560 δὲ
465 2491 575 2561 ἐδόκει
598 2491 662 2580 τήν
679 2497 892 2582 καλουμένην
914 2499 982 2563 νῦν
1005 2491 1064 2563 ἀπ’
1087 2497 1161 2562 ἐκεί-

148 2625 214 2668 νου
231 2596 407 2688 Ῥεμορίαν
432 2603 577 2681 οίκίζειν.
619 2605 688 2668 ἔστι
712 2599 750 2668 δὲ
772 2599 810 2669 τὸ
830 2606 955 2689 χωρίον
975 2599 1162 2687 ἐπιτήδειον

148 2702 378 2787 ὑποδέξασθαι
409 2703 511 2773 πόλιν
548 2705 655 2792 λόφος
683 2703 724 2776 ού
755 2708 872 2792 πρόσω
907 2711 970 2775 τού
1006 2707 1188 2795 Τεβέριοςει

148 2816 314 2898 κείμενος,
347 2808 480 2897 ἀπέχων
508 2815 568 2898 τής
593 2810 721 2901 Ῥούμης
751 2810 838 2902 ἀμφὶ
869 2813 950 2895 τοὺς
984 2812 1165 2901 τριάκοντα

109 2943 135 2985 25
150 2919 318 2995 σταδίους.
361 2916 397 2984 έκ
420 2916 458 2985 δέ
480 2921 539 3004 τῆς
562 2925 771 3007 φιλονεικίας
791 2920 914 3010 ταύτης
937 2918 1166 3006 ἀκοινώνητος

149 3019 254 3102 εὐθὺς
276 3019 485 3119 ὑπεδηλοῦτο
509 3030 678 3114 φιλαρχία.
723 3031 769 3120 τῷ
794 3027 858 3118 γὰρ
878 3030 1002 3110 εἴξαντι
1025 3027 1063 3096 τὸ
1089 3055 1167 3117 κρα-

148 3132 255 3217 τήσαυ
278 3132 326 3208 είς
348 3127 457 3196 πάντα
480 3125 604 3216 ὁμοίως
627 3132 851 3219 ἐπιθήσεσθαι
871 3139 1017 3222 ἔμελλεν.

221 3328 238 3378 2
257 3324 307 3379 καλ
324 3319 465 3392 ὑποζύγια
484 3340 538 3379 om.
558 3325 603 3380 Ba
667 3324 756 3384 λλετδ
775 3329 800 3383 Α
816 3331 821 3398 Ι
837 3323 933 3384 αύτῶν
953 3329 978 3384 O
1040 3334 1077 3383 12
1100 3324 1170 3397 έπή·

151 3414 204 3463 ραν
222 3394 244 3448 Β
307 3401 351 3450 22.
372 3399 405 3448 23
425 3389 456 3448 τὸ
476 3396 579 3464 χωρίον
594 3427 627 3437 -
642 3393 736 3467 πρόσω
755 3416 810 3454 om.
829 3401 866 3454 A*
918 3405 953 3456 25
972 3395 1172 3470 ἀκοινώνητος

151 3480 207 3520 om.
225 3465 248 3518 B
320 3471 354 3520 27
373 3462 439 3528 *είς
456 3459 553 3520 πάντα
573 3466 595 3522 0
614 3461 730 3525 ἅπαντα
749 3471 888 3542 Kienling
