2412 3912
142 215 185 278 74
565 219 732 270 -Δ-

138 374 266 464 πολλὴν
294 374 412 444 άδειαν
441 374 607 457 σώζεσθαι
635 389 705 455 τοῖς
737 375 902 464 φεύγουσι
930 377 1082 461 παρῆκαν.
1107 373 1135 439 οί

140 484 178 553 δδ
209 481 296 572 ἀμφὶ
327 482 388 553 τὸν
421 488 562 551 Αίνείαυ
597 488 643 552 ἔτι
675 481 750 550 καθ’
782 480 866 552 ὁδὸν
895 479 1047 568 εὑρόντες
1066 476 1169 556 τούςια

140 592 323 678 σφετέρους
344 591 400 658 καί
423 588 503 658 καθ’
530 593 568 658 ἓν
596 586 739 670 ἅπαντες
766 588 943 676 γενόμενοι
966 585 1005 656 τά
1028 583 1135 674 ὀχυρό-

99 697 220 767 2τατα
242 695 556 784 καταλαμβάνονται
577 701 637 783 τῆς
650 696 753 784 Ἴδης.
785 689 945 784 ἦλθονδ
971 692 1015 775 ὡς
1032 690 1137 770 αύτούς
1192 741 1196 761 ι

111 809 176 874 ὀοί
201 801 234 873 τ’
260 807 297 872 έν
323 803 493 894 Δαρδάνῳ
524 802 599 872 τότε
630 807 818 889 οἰκοῦντες,
849 799 894 881 ὡς
921 799 1014 869 είδον
1044 798 1138 888 φλόγα
1193 869 1196 878 u

138 909 267 998 πολλὴν
290 907 379 998 παρά
402 907 442 976 τδι
457 908 605 978 εἰωθότα
619 911 811 997 φερομένην
834 910 868 990 έξ
887 907 1001 992 Ἰλίου,
1023 905 1139 990 νύκτωρ
1193 927 1196 978 γ’

138 1015 376 1096 καταλιπόντες
406 1014 469 1103 την
501 1015 602 1084 πόλιν
636 1022 777 1103 ἔρημον,
810 1016 912 1103 χωρὶς
938 1009 960 1100 ἢ
989 1011 1064 1081 όσοι
1089 1009 1140 1080 σύν

137 1123 267 1214 Ἐλύμῳ
304 1123 358 1190 καί
396 1125 547 1214 Αἰγέστῳ
584 1122 747 1190 ναυτικόν
782 1149 815 1190 τι
852 1115 1156 1207 συνεσκευασμένον

140 1237 259 1318 ἔτυχον
291 1229 596 1316 προεξεληλυθότες
628 1232 687 1315 τῆς
717 1227 860 1312 πόλεως,
893 1227 948 1294 καὶ
979 1228 1014 1308 ἐξ
1038 1224 1142 1313 Ὀφρν-
1193 1289 1194 1292 ,

100 1362 126 1401 10
140 1344 218 1406 νίου
241 1337 369 1415 πόλεως·
392 1333 410 1403 ὁ
435 1339 542 1423 δῆμος
569 1333 655 1415 ἅπας
676 1337 732 1403 καὶ
755 1336 791 1404 έκ
820 1338 890 1403 τῶν
913 1332 1028 1402 άλλων
1055 1339 1143 1417 Τρωι-
1195 1405 1196 1416 ρ

138 1449 208 1513 κῶν
231 1443 362 1512 πόλεων
385 1447 444 1529 τῆς
467 1445 662 1529 ἐλευθερίας
685 1443 763 1528 <οί>
785 1440 1032 1530 περιεχόμενοι·
1057 1438 1144 1506 δύνα-

140 1557 194 1639 μίς
208 1577 242 1618 τε
257 1547 341 1634 αὕτη
357 1547 402 1615 δι’
425 1551 600 1635 ἐλαχίστου
614 1549 743 1637 χρόνον
757 1553 894 1636 μεγίστη
909 1551 977 1615 τῶν
996 1547 1144 1634 Τρωικόν

100 1665 120 1729 3
141 1659 281 1743 ἐγένετο.
329 1657 364 1722 οί
384 1654 445 1742 μέν
470 1647 533 1723 ούυ
557 1655 622 1723 σύν
645 1661 766 1745 Αἰνεία
793 1655 1020 1733 διασωθέντες
1045 1655 1079 1721 ἐκ
1100 1653 1146 1734 της

139 1761 354 1848 καταλήψεως
382 1764 419 1829 έν
447 1761 581 1841 τούτοις
607 1759 833 1850 ὑπομένοντες
860 1776 931 1840 τοῖς
957 1767 1094 1849 χωρίοις
1115 1752 1147 1825 ού

100 1903 126 1942 15
142 1867 199 1936 διά
222 1871 352 1954 μακροῦ
379 1867 481 1935 πάλιν
505 1868 558 1935 ἐπὶ
582 1866 622 1936 τά
652 1871 795 1957 σφέτερα
817 1867 1081 1936 κατελεύσεσθαι
1103 1863 1148 1950 ἤλ-
1195 1920 1196 1950 3

140 1983 236 2058 πιζον
264 1979 332 2043 τῶν
360 1980 529 2061 πολεμίων
558 1972 859 2059 ἀποπλευσάντων,
888 1972 1014 2060 Ἀχαιοὶ
1041 1971 1079 2040 δὲ
1102 1967 1150 2037 άν-
1195 2021 1196 2057 ,

141 2079 427 2171 δραποδισάμευοι
460 2078 522 2167 τὴν
554 2079 655 2148 πόλιν
687 2081 741 2147 καί
773 2077 813 2147 τά
850 2079 1017 2166 σύνεγγυς
1056 2080 1151 2166 χωρία
1195 2133 1196 2164 3

140 2190 196 2257 καὶ
224 2186 372 2274 φρούρια
401 2186 591 2276 δῃώσαντες
622 2185 908 2272 παρεσκευάζοντο
940 2186 1002 2273 μὲν
1031 2183 1079 2264 ὡς
1105 2181 1153 2250 καὶ
1195 2235 1196 2248 2

100 2294 220 2376 4τούς
244 2297 281 2362 ἐν
303 2308 374 2386 τοῖς
398 2292 490 2379 όρεσι
518 2293 767 2381 χειρωσόμενοι.
813 2291 1017 2379 πεμψάντων
1044 2291 1083 2359 δέ
1105 2287 1153 2374 κή-
1195 2355 1196 2360 ,

103 2437 132 2476 ω
146 2429 249 2490 ρυκας
276 2399 389 2469 αὐτῶν
412 2400 487 2486 περὶ
512 2398 699 2467 διαλύσεων
729 2399 785 2466 καὶ
809 2400 980 2485 δεομένων
1004 2396 1051 2485 μὴ
1076 2399 1157 2483 σφᾶς
1195 2477 1196 2482 ¹

142 2514 189 2588 είς
226 2505 378 2593 άνάγκηυ
415 2509 618 2591 καταστῆσαι
650 2505 816 2590 πολέμου,
849 2503 1078 2584 συνελθόντες
1110 2507 1196 2594 είςιιῦἶ

142 2617 319 2700 ἐκκλησίαν
344 2612 397 2680 ἐπὶ
418 2615 528 2691 τοῖςδε
551 2615 729 2679 ποιοῦνται
752 2608 836 2696 πρὸς
859 2608 983 2690 αύτούς
1005 2608 1066 2690 τάς
1091 2614 1157 2677 δια·
1195 2669 1196 2704 ρ

141 2720 272 2798 λύσεις·
300 2722 441 2785 Αίνείαν
469 2717 531 2804 μέν
554 2717 609 2784 καὶ
635 2714 716 2796 τούς
739 2715 803 2784 σύν
833 2714 922 2808 αύτῳ
946 2714 986 2784 τὰ
1009 2715 1158 2804 χρήματα

143 2829 310 2913 φέροντας
333 2821 396 2892 ὅσα
411 2823 617 2893 διεσώσαντο
640 2821 723 2892 κατὰ
740 2821 802 2910 τὴν
818 2821 933 2910 φυγὴν
957 2825 994 2891 έν
1018 2820 1158 2910 ὡρισμέ-

100 2964 128 3008 25
143 2959 216 3012 νοις
237 2932 305 3000 τισὶ
328 2930 464 3019 χρόνοις
487 2932 522 2998 έκ
535 2933 594 3017 τῆς
611 2929 770 3017 Τρωάδος
792 2927 966 3015 ἀπελθεῖν,
988 2928 1159 3017 παραδόν·

214 3133 228 3180 1
254 3121 326 3180 κατά
350 3121 455 3194 πολλὴν
478 3127 501 3180 Β
587 3131 602 3179 3
630 3120 702 3180 καθ’
731 3119 813 3179 ’ἓν”’
794 3145 918 3186 απαυτες
947 3124 1070 3180 Sintenis
1100 3125 1161 3178 Em.

142 3199 225 3254 Dion.
244 3199 258 3251 I
322 3203 357 3251 20
380 3196 495 3252 καθένα
513 3193 618 3259 πάντες
637 3198 662 3250 R
686 3191 794 3250 καθ’“
780 3216 832 3282 ενρι
851 3191 976 3258 ἅπαντες
995 3197 1017 3250 Β
1034 3191 1069 3265 l’
1055 3191 1161 3264 οχνρύ-

142 3290 214 3324 τατα
232 3270 255 3322 Β
275 3216 438 3337 δχνρύτατα
456 3269 482 3322 R
558 3273 574 3321 ὃ
599 3269 671 3322 τεΒ
701 3270 705 3334 Ι
735 3261 773 3330 ὣς
792 3263 884 3335 γάρε
871 3264 949 3320 εἶδον
968 3268 993 3320 Α
1064 3273 1080 3321 6
1110 3284 1159 3334 φε-

143 3338 277 3428 ρομένην
293 3339 316 3391 Β
348 3357 402 3394 om
431 3341 456 3392 R
547 3345 563 3392 8
591 3337 640 3390 καὶ
667 3337 755 3405 γέστω
783 3339 806 3392 Β
836 3340 840 3406 Ι
866 3332 1112 3406 συσκευασάμενοι
1141 3337 1163 3390 Β

181 3415 213 3462 11
248 3406 277 3461 οί
303 3409 366 3463 add.
396 3409 518 3462 Sintenis
550 3407 612 3460 Em
639 3407 720 3461 Dion.
749 3407 816 3476 Ip.
843 3414 875 3462 10
967 3414 1000 3462 19
1028 3404 1164 3476 χειρωσά-

146 3479 285 3546 μενοιΒα
337 3484 372 3532 20
391 3475 578 3538 διαλύσεωςΒ
595 3479 598 3543 Ι
615 3427 834 3547 δ<εο>μενωνΒ
890 3485 924 3532 24
944 3476 1164 3549 φέροντ<ας>Β
