2412 3912
233 385 369 451 XXVII.
393 383 437 450 Οί
460 379 497 448 δὲ
515 380 721 468 μετανάστας
739 383 1016 468 μυθολογοῦντες
1039 376 1156 458 αὐτοὺς

145 489 234 560 είναι
262 486 439 578 Τυρρηνὸν
467 486 722 576 ἀποφαίνουσιν
748 485 899 575 ἡγεμόνα
925 491 985 574 τῆς
1007 484 1157 564 ἀποικίας

145 595 331 684 γενόμενον
363 591 424 682 ἀφ’
461 595 583 665 ἑαυτοῦ
619 594 746 662 θέσθαι
782 596 829 686 τῷ
863 597 959 662 ἔθνει
994 591 1157 680 τοῦνομα·

144 707 267 774 τοῦτον
300 699 338 768 θλ
367 698 484 768 Λυδὸν
517 698 604 770 είναι
636 699 675 770 τὸ
706 702 806 787 γένος
838 702 874 769 ἐκ
905 703 965 788 τῆς
996 698 1158 786 πρότερον

117 814 305 899 ῦΜηονίας
334 808 561 895 καλουμένης,
592 806 737 876 παλαιόν
770 807 813 894 θη
842 835 919 876 τινα
951 807 1159 895 μετανάστην

146 917 242 986 ὄντα·
267 911 355 982 είναι
378 911 414 980 θ’
440 909 547 982 αὐτόν
570 916 720 1001 πέμπτον
743 912 808 982 ἀπὸ
833 912 931 1000 Διὸς,
954 914 1160 1000 λέγοντεςίκ
1200 921 1201 932 ’

147 1020 233 1101 Διὸς
249 1021 305 1088 καὶ
319 1023 388 1106 Γῆς
401 1018 530 1106 Μάνην
552 1022 714 1106 γενέσθαι
736 1024 872 1110 πρῶτον
895 1022 933 1089 έν
955 1024 995 1109 τῇ
1018 1024 1062 1109 γῇ
1087 1019 1161 1088 ταό-

145 1156 186 1217 τη
213 1129 370 1215 βασιλέα·
401 1125 525 1194 τούτου
553 1125 592 1194 δέ
617 1128 674 1194 καί
696 1125 890 1216 Καλλιρόης
915 1130 974 1214 τῆς
999 1125 1162 1196 Ὠκεανοῦ

146 1230 317 1322 θυγατρὸς
344 1237 555 1319 γεννηθῆναι
578 1232 713 1302 Κότυν·
740 1238 786 1326 τῷ
815 1233 854 1302 δέ
881 1233 993 1303 Κότυϊ
1016 1232 1163 1321 γήμαντι

105 1357 132 1398 1⁰
145 1343 319 1428 θυγατέρα
347 1339 479 1409 Τύλλου
505 1343 568 1408 τοῦ
590 1344 755 1426 γηγενοῦς
771 1337 888 1426 (Αλίην
912 1339 976 1408 όόο
999 1342 1162 1426 γενέσθαι
1202 1385 1203 1390 1

100 1447 267 1528 θπαῑόας
296 1445 410 1534 Ἀσίην
441 1448 497 1514 καί
519 1445 642 1515 Ἀτυυ·
674 1450 710 1515 ἐκ
743 1446 781 1514 δὲ
800 1445 922 1527 ’Ἁτυος
953 1449 1009 1515 καὶ
1038 1453 1164 1516 Καλλι-
1179 1463 1201 1510 ιι

144 1559 230 1635 θέας
255 1559 313 1642 της
336 1560 495 1643 Χωραίου
518 1552 636 1622 Λυθόν
659 1558 766 1641 φῦναι
793 1556 850 1621 καὶ
877 1553 1077 1641 Τυρρηνόν·
1115 1557 1165 1624 καὶ
1203 1623 1204 1634 ,

143 1661 205 1731 τὸν
237 1659 299 1748 μέν
333 1658 450 1729 Λυδὸν
487 1658 592 1728 αὐτοῦ
627 1665 874 1747 καταμείναντα
908 1661 970 1748 τὴν
1002 1663 1166 1755 πατρῴαν

144 1765 252 1855 ἀρχὴν
284 1773 491 1853 παραλαβεῖν
523 1768 579 1834 καί
612 1765 670 1834 ἀπ’
702 1765 808 1836 αὐτοῦ
837 1772 970 1838 Λυδίαν
1001 1767 1066 1856 τὴν
1104 1775 1166 1857 γῆν
1204 1807 1205 1842 ι

105 1903 131 1945 ιι
146 1872 401 1960 ὀνομασθῆναι·
443 1871 622 1961 Τυρρηνόν
656 1872 694 1940 δὲ
721 1878 780 1961 τῆς
812 1872 965 1955 ἀποικίας
996 1873 1167 1965 ἡγησάμε-

145 2007 209 2049 νον
232 1977 360 2066 πολλὴν
382 1979 573 2066 κτήσασθαι
602 1983 661 2066 τῆς
681 1976 821 2060 Ἰταλίας
844 1983 992 2061 καὶτοῖς
1015 2001 1169 2071 συναρα-

145 2089 261 2174 μένοις
295 2090 357 2154 τοῦ
388 2086 513 2155 στόλου
548 2087 675 2173 ταύτην
707 2090 836 2157 θέσθαι
865 2087 928 2175 τὴν
957 2091 1169 2177 ἐπωνυμίαν.

99 2189 126 2255 :3
140 2191 312 2282 Ἡροδότῳ
346 2191 383 2260 δὲ
406 2200 557 2279 είρηνται
578 2191 700 2272 ’Ἁτυος
721 2197 782 2261 τοῦ
814 2194 943 2264 Μάνεω
975 2199 1099 2276 παϊθες
1140 2201 1173 2264 οί

144 2299 220 2387 περὶ
248 2295 438 2387 Τυρρηνὸν,
461 2298 517 2366 καί
540 2295 561 2384 ἡ
586 2298 828 2385 μετανάστασις
848 2305 917 2369 τῶν
936 2301 1097 2390 Μηόνων
1124 2309 1172 2382 είς

101 2429 132 2470 κο
142 2406 287 2476 Ἰταλίαν
312 2403 373 2491 οὐχ
388 2403 549 2484 ἑκούσιος.
581 2407 664 2491 φησί
678 2403 742 2490 γάρ
766 2407 819 2474 ἐπί
841 2406 1037 2493 τῆς”Ατυος
1059 2407 1174 2496 ἀρχῆς

144 2512 293 2600 ἀφορίαν
319 2514 458 2597 καρπῶν
488 2513 525 2578 ἐν
552 2514 593 2598 τῇ
621 2515 664 2600 γῇ
693 2511 847 2600 Μῃόνων
874 2516 1052 2599 γενέσθαι,
1087 2514 1174 2595 τοὺς

146 2619 184 2686 θλ
206 2616 412 2704 ἀνθρώπους
433 2619 515 2696 τέως
538 2617 600 2704 μὲν
623 2615 689 2686 ὑπὸ
712 2621 771 2704 τῆς
794 2625 999 2707 φιλοχωρίας
1020 2647 1175 2709 κρατου-

145 2727 268 2813 μένους
298 2721 404 2790 πολλά
435 2722 753 2810 διαμηχανήσασθαι
781 2723 865 2812 πρὸς
893 2724 956 2812 την
979 2727 1176 2817 συμφορὰν

217 2925 231 2972 1
251 2912 358 2979 αὐτοὺς
376 2918 607 2987 μυθολογοῦντες
625 2918 648 2971 Β
734 2924 750 2972 5
774 2922 905 2989 μηιονίας
923 2922 946 2975 Β
971 2924 1095 2991 μηονίας
1115 2927 1148 2980 A
1171 2927 1176 2996 η

144 2984 217 3046 ίίατά
242 2984 366 3059 χρησμὸν
389 2985 512 3043 παλαιὸν
540 3006 563 3043 c.
591 2989 692 3044 Reiske
717 2993 721 3058 Ι
744 2987 923 3061 μετανάστην
947 2989 1017 3047 ὄντα
1037 2993 1178 3051 Sintenis

143 3062 204 3118 Em.
219 3059 302 3115 Dion,
317 3061 329 3114 I
343 3077 370 3129 p.
383 3066 414 3114 11
436 3055 649 3128 μεταναστάντα
665 3060 687 3115 Ο
754 3069 768 3116 7
788 3057 894 3130 Μάνην
909 3062 1032 3134 Sylburg
1050 3059 1178 3135 μάσνην

145 3134 177 3203 0,
202 3126 337 3200 Μαιόνην
369 3148 391 3186 ο.
420 3131 563 3200 Kiessling
598 3134 601 3191 λ
635 3126 686 3186 τόν
712 3132 824 3200 πρῶτον
852 3132 964 3202 Sauppe
986 3134 1058 3204 Eph.
1084 3135 1179 3194 θεοὺς.

145 3210 214 3260 1861
238 3222 265 3286 p.
292 3208 361 3258 1860
451 3209 467 3257 8
492 3197 524 3256 έιι
547 3197 649 3256 τούτου
673 3201 784 3272 Sauppe
812 3202 831 3256 1.
855 3204 874 3259 1.
908 3199 999 3277 τούτῳ
1023 3201 1049 3260 θ’
1076 3202 1112 3262 ἐκ
1151 3228 1180 3264 ο.

145 3273 286 3344 Kiesshng
301 3274 305 3343 Ι
322 3273 371 3327 καί
393 3290 447 3327 om.
466 3273 489 3324 B
562 3279 577 3326 9
597 3272 733 3340 γενέσθαι
752 3272 923 3344 Grasberger
949 3275 1025 3332 Τοοε.
1044 3276 1180 3351 Herbip.

145 3363 172 3413 p.
192 3350 226 3399 26
307 3350 341 3396 10
364 3338 446 3410 ἀλίην
468 3341 491 3395 Β
574 3348 607 3396 18
636 3345 745 3410 εἴρηται
775 3342 797 3397 0
824 3361 893 3399 corr.
919 3346 1023 3401 Reisko
1051 3350 1184 3416 είρητοιι

146 3409 184 3475 ὡς
200 3453 224 3467 ..
241 3457 246 3468 .
262 3456 268 3467 .
285 3408 414 3474 ἑκούσιος
433 3411 551 3481 γέγονεν
570 3428 593 3466 ο.
613 3412 735 3498 ὃγλλιαερ
754 3411 799 3465 cui
818 3415 970 3469 assentitur
983 3417 1155 3476 Ambrosch
1176 3423 1181 3495 Ι

146 3479 254 3536 Μάνεω
274 3483 396 3552 Sylburg
414 3479 528 3551 μάσνεω
547 3482 599 3534 ΑΒ
654 3486 686 3533 21
707 3485 815 3549 αφορία
834 3486 856 3537 Β
