2408 3928
573 209 738 264 -B-

45 425 59 445 2
147 371 228 462 μετά
250 377 355 442 ταῦτα
378 375 414 440 ἐκ
437 377 648 461 τειχομαχίας
669 367 752 438 κατὰ
774 369 896 456 κρότος
921 368 1055 448 ἑλόντες
1075 367 1147 437 ὅπλα

148 480 210 569 μέν
234 478 414 570 ἀφείλοντο
437 480 493 548 καί
514 479 625 567 χῶρας
646 481 831 567 ἐζημίωσαν
854 481 895 566 τή
918 483 1013 566 τρίτη
1037 481 1146 565 μερίδι·
1191 501 1192 504 ’

23 609 26 616 ’
107 585 191 676 δήν
219 591 311 674 <τοῖς
340 589 515 676 σφετέροις
543 590 680 654 διεῖλον.
744 591 818 655 Τῶν
852 583 890 653 δὲ
921 590 1147 673 Καμεριναίων

146 694 228 776 τούς
249 698 425 781 ἐποίκους)
440 694 700 781 λυμαινομένων
715 697 768 782 [τῇ
790 698 884 781 τρίτη
898 690 1022 781 ήμίρηι]
1038 693 1148 772 ἐπεξελ-

106 832 121 873 ο
147 801 270 884 θόντες
292 804 348 870 καί
370 801 574 891 τρεψάμενοι
597 797 731 886 αὐτούς,
749 800 790 868 τά
812 797 875 887 μὲν
894 797 1009 867 αὐτῶν
1034 796 1149 867 ἅπαντα

147 925 219 990 τοῖς
242 912 415 998 σφετέροις
437 913 587 988 πολίταις
611 911 755 992 διεῖλον,
783 904 909 986 αύτούς
935 904 974 973 δὲ
1003 904 1083 985 τούς
1102 903 1149 972 ἀν-
1192 921 1193 956 ῑ

148 1017 311 1102 θρῶπους
339 1013 458 1084 ὁπόσοι
487 1013 670 1102 ἐβούλοντο
704 1015 741 1082 ἐν
764 1011 873 1101 Ῥώμη
900 1027 1069 1081 κατοικεῖν
1096 1021 1149 1080 εί-

148 1143 224 1191 σαν.
261 1124 418 1208 ἐγένοντο
438 1119 469 1188 δ’
492 1117 536 1200 ῶς
553 1128 821 1208 τετρακισχίλιοι,
840 1115 900 1199 οὓς
913 1133 987 1200 ταῖς
999 1117 1151 1207 φράτραις

150 1231 364 1316 ἐπεμέρισαν,
387 1228 443 1296 καὶ
466 1225 528 1314 τήν
551 1227 651 1296 πόλιν
675 1225 787 1296 αὐτῶν
810 1225 969 1295 ἀποικίαν
990 1223 1151 1314 Ῥωμαίων

109 1362 136 1402 ιο
150 1338 322 1421 ἐποίησαν.
381 1326 425 1421 ήν
463 1333 501 1402 δὲ
534 1332 707 1420 Ἀλβανῶν
743 1332 916 1415 ἀπόκτισις
951 1331 973 1422 ή
1012 1337 1152 1420 Καμερία
1193 1339 1194 1406 f

148 1448 287 1521 πολλοῖς
318 1441 456 1529 χρόνοις
486 1438 707 1511 ἀποσταλεῖσα
740 1441 906 1530 πρότερον
938 1445 998 1529 τῆς
1025 1439 1152 1528 Ῥόμης·

148 1546 187 1616 τὸ
212 1545 243 1615 δ’
270 1546 412 1636 ἀρχαῖον
432 1546 653 1635 Ἀβοριγίνων
678 1557 807 1635 οίκησις
829 1550 960 1628 ἐντοῖς
982 1547 1074 1616 πάνυ
1096 1549 1153 1616 έπι-

149 1653 269 1742 φανής.
923 1721 925 1728 y

240 1763 292 1828 LI.
325 1759 488 1855 Ἐνιαυτηῶ
512 1762 550 1830 δὲ
574 1765 656 1855 ἕκτῳ
678 1753 885 1849 περιίσταται
907 1762 1012 1831 πάλιν
1035 1766 1082 1842 είς
1104 1761 1154 1827 ἕνα
1194 1829 1195 1846 χ

111 1892 137 1932 1⁵
146 1865 319 1954 Ῥωμύλον
356 1867 377 1956 ἡ
409 1873 469 1956 τής
503 1869 637 1949 πόλεως
667 1868 752 1957 ἀρχὴ
789 1875 912 1937 Τατίου
947 1867 1155 1956 τελευτήσαν-
1194 1871 1195 1874 ’

149 2001 207 2054 τος
230 1976 263 2056 ἐξ
287 1977 477 2063 ἐπιβουλῆς,
500 1972 544 2064 ήν
563 1980 774 2064 συνέστησαν
792 1975 843 2045 ἐπ’
864 1975 954 2069 αύτῷ
975 1983 1188 2044 Λαουινια-δίί

108 2121 111 2125 ·
149 2087 219 2151 τῶν
244 2085 279 2150 οί
303 2084 566 2171 κορυφαιότατοι
594 2083 894 2172 συμφρονήσαντες
920 2081 987 2153 ἀπὸ
1010 2082 1155 2168 τοιαύτης

151 2195 272 2270 αἰτίας·
294 2195 363 2258 τῶν
387 2191 529 2276 ἑταίρων
546 2191 636 2270 τινὲς
658 2193 719 2259 τοῦ
741 2197 865 2259 Τατίου
886 2190 1073 2279 λῃστήριον
1095 2191 1154 2270 ἐξα·
1195 2233 1196 2260 ι

150 2296 313 2384 χανόντος
333 2301 381 2376 είς
402 2295 464 2383 τήν
482 2302 722 2366 Λαουινιατῶν
741 2289 854 2385 χῶραν
877 2297 1029 2385 χρήματά
1054 2323 1087 2365 τε
1107 2293 1154 2361 αό

112 2424 140 2464 ιο
152 2406 221 2470 τῶν
245 2400 400 2490 ήρπασαν
427 2402 534 2471 πολλά
561 2405 617 2471 καὶ
644 2404 867 2492 βοσκημάτων
891 2403 1069 2491 ἀπήλασαν
1091 2401 1156 2488 ἀχί-

152 2516 227 2593 λας,
250 2512 318 2577 τῶν
343 2508 373 2577 δ’
400 2510 677 2597 ἐπιβοηθούντων
701 2508 762 2591 οὓς
783 2511 845 2599 μέν
868 2510 1084 2596 ἀπέκτειναν,
1106 2505 1157 2586 οὓς

116 2611 184 2680 2δ’
220 2615 474 2701 ἐτραυμάτισαν.
532 2615 740 2704 ἀφικομένης
781 2617 819 2685 δέ
859 2623 1039 2705 πρεσβείας
1077 2612 1156 2701 παρὰ

151 2723 221 2787 τῶν
253 2717 466 2808 ἠδικημένων
498 2721 554 2792 καί
591 2723 631 2793 τά
671 2728 783 2793 δίκαια
816 2723 1023 2812 ἀπαιτούσης
1055 2721 1156 2811 ὁμέν

148 2823 318 2912 Ῥωμύλος
341 2829 515 2899 ἐδικαίωσε
538 2836 751 2920 παραδοῦναι
778 2831 858 2912 τοὺς
885 2831 1076 2920 δράσαντας
1097 2843 1157 2906 τοῖς

227 2983 364 3054 1κράτος
386 2985 490 3052 αύτούς
515 2987 625 3054 ἑλόντες
643 2993 669 3045 R
701 2987 806 3054 αύτούς
826 2993 921 3048 om.B
996 2988 1156 3061 λχῶρανΟ

154 3061 250 3127 θροεῖ
267 3052 303 3126 ἣν
322 3059 449 3114 lacunam
465 3062 567 3117 statuit
574 3062 719 3133 Kiessling
729 3063 773 3116 Pr.
785 3065 847 3119 Bas.
862 3082 889 3134 p.
901 3071 917 3118 9
932 3066 962 3118 et
976 3063 1100 3134 explevit
1112 3060 1155 3113 sic:

154 3135 213 3211 τρῖς
237 3129 384 3196 σφετέροις
404 3134 517 3187 διεῖλον.
566 3135 630 3189 Τῶν
654 3132 686 3188 δὲ
710 3139 755 3189 Κα
778 3141 911 3200 τριταίων
938 3130 1005 3196 τούς
1030 3133 1155 3195 ἐποίκους,

155 3199 278 3286 διαδουμ
291 3199 343 3254 Em
367 3203 447 3257 Dion.
463 3202 499 3256 ΙΙΙ
515 3213 569 3272 μ.9
598 3202 664 3259 ἀλλο
682 3202 710 3258 δ’
731 3206 819 3261 ουδὲν
838 3202 929 3260 κακὸν
950 3201 1087 3276 ἐποίησαν
1106 3206 1110 3272 Ι
1126 3201 1154 3269 τῇ

154 3273 233 3340 τρίτη
252 3271 344 3342 ημέρᾳ
362 3274 454 3328 delevi
469 3278 582 3330 auctore
598 3276 766 3343 Kiesslingio
822 3283 838 3332 5
857 3275 1057 3346 *τρεψάμενοι
1071 3271 1156 3342 scripsi

155 3339 279 3426 Kayspro
303 3346 417 3396 auctore
438 3346 509 3398 Anu.
529 3346 658 3401 Heidelb.
680 3353 749 3403 1868
768 3367 795 3417 p.
815 3353 868 3402 6⁷9
904 3347 1113 3418 τροπωσιίμενοι
1135 3341 1155 3395 Ο

157 3416 191 3489 19
219 3409 367 3471 απόκτισις
394 3415 470 3467 ΑΒω
506 3410 655 3482 ἀπαίτησις
679 3419 725 3472 Bb
818 3425 849 3473 12
873 3427 932 3480 τοῖς
960 3419 1082 3474 Sintenis
1104 3415 1155 3470 Em·

157 3477 237 3533 D1on.
256 3481 282 3532 11
299 3497 327 3547 p.
346 3487 380 3534 22
400 3490 461 3543 ταῖς
481 3482 503 3537 0
577 3493 618 3540 16.
641 3495 673 3542 19
692 3488 888 3562 *λαβινιατῶν
907 3489 930 3544 O
950 3489 1060 3547 correxi
