2396 3918
155 220 220 286 160
577 223 742 277 -Β-

151 386 322 468 βασιλείας
344 380 515 464 ἀξιοςύπ’
537 381 734 512 ἀνθρώπων
755 389 898 470 κριθείς·
927 381 970 451 οὐ
993 384 1147 471 μέντοιγε

151 487 321 575 λήψεσθαι
343 487 405 576 τῆν
429 487 530 577 τιμῆν
553 490 730 578 πρότερον,
754 489 813 559 ἐὰν
839 489 883 579 μῆ
908 488 1020 558 καὶ
986 516 1025 559 το
1050 489 1194 578 δαιμί

152 621 229 663 νιον
254 598 453 686 ἐπιθεσπίσῃ
477 594 523 664 δι’
549 599 684 666 οἰωνῶν
707 601 837 666 αἰσίων.
1193 675 1194 692 ἢ

239 703 280 770 V.
310 699 369 783 Ως
401 702 439 770 δὲ
469 695 690 783 κάκείνοις*
669 730 713 791 ην
744 705 966 792 βουλομένοις
998 701 1148 792 προειπὼν
1193 693 1194 754 ἶ

110 836 123 878 5
151 806 290 898 ῆμέραν,
309 800 383 935 ἐνῆ
402 809 715 897 διαμαντεύσασθαι
728 811 862 899 περὶ
822 837 880 898 της
898 809 1004 942 ἀρχῆς
1017 815 1178 942 ἐμελλεν,ιιι

150 1024 248 1091 ἐκ”
208 1048 268 1109 της
290 1026 416 1112 σκηνῆς
437 1028 624 1112 προῆλθεν·
647 1020 727 1104 στάς
746 1023 784 1092 δὲ
805 1021 989 1111 ὑπαίθριος
1007 1026 1045 1093 ἐν
1064 1034 1150 1092 καθι-

150 1134 198 1221 ρῶ
222 1135 333 1222 χωρίῳ
360 1130 417 1198 καὶ
445 1127 664 1217 προθύσας
651 1129 673 1198 ἀ
700 1130 806 1219 νόμος
833 1123 876 1219 ῆν
905 1128 1021 1219 εὔχετο
1047 1137 1109 1199 Διί
1126 1157 1150 1198 τε

149 1241 282 1323 βασιλει
310 1238 366 1305 καὶ
398 1250 468 1317 τοις
503 1237 620 1318 ἄλλοις
653 1246 764 1324 θεοῖς,
802 1234 862 1318 οδς
894 1236 1074 1326 ἐποιήσατο
1108 1242 1151 1324 τῆς

109 1369 136 1410 ιο
149 1341 303 1424 ἀποικίας
326 1342 508 1431 ἡγεμόνας,
537 1348 569 1412 εί
589 1346 811 1432 βουλομένοις
839 1343 954 1425 αὐτοῖς
982 1347 1052 1413 ἐστι
1074 1351 1151 1433 βασι-

148 1449 308 1519 λεύεσθαι
331 1450 393 1537 τὴν
416 1451 517 1520 πόλιν
539 1448 602 1540 ὑφ’
629 1452 767 1538 ἑαυτοῦ,
790 1465 911 1539 σημεῖα
934 1448 1081 1540 οὐράνια
1103 1479 1151 1540 φα-

109 1561 251 1644 2νῆναι
282 1557 377 1627 καλά.
423 1556 505 1646 μετὰ
538 1558 575 1626 δι
607 1557 669 1645 τῆν
702 1556 806 1646 εύχῆν
831 1556 992 1647 ’ἀστραπὴ
1023 1561 1151 1645 διῆλθεν
1193 1627 1194 1635 ,

149 1665 185 1732 ἐκ
207 1669 276 1733 τῶν
298 1663 486 1753 ἀριστερῶν
504 1665 558 1732 ἐπὶ
578 1663 618 1733 τά
638 1664 740 1747 δεξιοί.
781 1669 932 1734 τίθενται
952 1664 990 1733 δέ
1008 1663 1152 1753 Ῥωμαῖοι
1193 1649 1194 1670 ¹

148 1769 207 1851 τάς
230 1772 266 1838 ἐκ
287 1775 355 1840 τῶν
378 1768 566 1861 ἀριστερῶν
586 1772 639 1840 ἐπλ
657 1769 698 1840 τά
718 1770 812 1853 δεξιὰ
830 1768 1002 1860 ἀστραπὰς
1024 1776 1152 1856 αἰσίους,

109 1912 134 1954 1⁶
149 1886 214 1946 εἴτε
235 1876 325 1966 παρὰ
352 1881 539 1966 Τυρρηνῶν
564 1864 799 1966 διδαχθέντεςζ
819 1885 884 1947 είτε
906 1878 1061 1967 πατέρων
1083 1889 1153 1948 καθ-

148 1985 370 2073 ηγησαμένων
401 1983 484 2054 κατὰ
516 1984 650 2055 τοιόνδε
681 1983 774 2072 τινά,
812 1983 858 2066 ῶς
895 1985 959 2072 ἐγὼ
991 1990 1153 2072 πείθομαι,

148 2090 327 2179 λογισμόν,
361 2090 412 2161 ὅτι
444 2094 595 2178 καθέδρα
624 2094 685 2181 μίν
718 2095 788 2162 ἐστι
818 2092 875 2161 καὶ
902 2091 1021 2175 στάσις
1047 2090 1154 2181 ἀρίστη

147 2201 216 2268 τῶν
243 2203 378 2279 οίτονοίς
406 2202 665 2288 μαντευομένων
693 2197 714 2287 ῆ
741 2201 912 2287 βλέπουσα
934 2198 1020 2289 πρὸς
1047 2197 1153 2269 ἀνατο-

147 2304 217 2392 λάς,
237 2303 321 2374 ὅθεν
339 2302 440 2393 ῆλίον
457 2332 492 2374 τε
511 2304 683 2395 ἀναφοραὶ
702 2313 855 2393 γίνονται
872 2308 929 2375 καὶ
948 2308 1089 2396 σελήνης
1106 2305 1155 2375 καὶ
1191 2347 1192 2382 ι

106 2446 132 2485 ιο
147 2410 297 2502 ἀστέρων
319 2412 500 2500 πλανήτων
522 2439 557 2481 τε
576 2414 632 2481 καλ
651 2411 824 2501 ἀπλανῶν,
848 2412 869 2501 ῆ
892 2439 927 2483 τε
949 2419 1012 2483 τοῦ
1033 2413 1156 2502 κόσμου

146 2517 328 2608 περιφορά,
357 2517 403 2587 δι’
433 2518 477 2607 ῆν
504 2519 579 2588 τοτὲ
606 2518 668 2607 μὲν
696 2516 780 2608 ὑπὲρ
808 2524 873 2607 γῆς
898 2517 1030 2589 ἅπαντα
1057 2521 1096 2590 τὰ
1123 2523 1156 2588 ἐν

146 2621 236 2718 αὐτῷ
268 2630 412 2712 γίνεται,
444 2626 518 2695 τοτὲ
551 2625 589 2694 δέ
620 2624 686 2695 ὑπὸ
720 2629 796 2713 γῆς,
829 2628 962 2694 ἐκείθεν
993 2626 1156 2716 ἀρξαμένη
1190 2683 1191 2712 ,

105 2725 126 2790 3
145 2727 207 2817 τῆν
230 2730 406 2816 ἐγκύκλιον
424 2729 614 2801 ἀποδίδωσι
636 2737 781 2819 κίνησιν.
821 2746 893 2813 τοις
914 2732 953 2800 δὲ
974 2731 1059 2822 πρὸς
1080 2733 1152 2802 ἀνα-

144 2834 244 2916 τολὰς
265 2839 449 2925 βλέπουσιν
468 2836 625 2929 ἀριστερὰ
648 2839 710 2928 μὲν
736 2833 867 2926 γίνεταί
883 2837 968 2927 <τά>
986 2838 1071 2930 πρὸς
1090 2838 1183 2927 τηνιι

105 2973 131 3017 ιι
145 2941 270 3031 ἀρκτον
289 2947 531 3034 ἐπιστρέφοντα
549 2949 643 3036 μέρη,
664 2945 756 3029 δεξιά
776 2947 814 3014 δὲ
832 2943 916 3034 <τά>
936 2944 1021 3034 πρὸς
1039 2967 1154 3036 μεσημ
1189 3029 1190 3037 ,

145 3055 247 3139 βρίαν
278 3054 439 3141 φέροντα·
475 3053 654 3143 τιμιῶτερα
687 3053 725 3122 δέ
756 3052 798 3122 τὰ
829 3053 975 3143 πρότερα
1011 3057 1156 3143 πέφιαιεν
1189 3067 1190 3075 ’

219 3279 272 3337 1
257 3278 310 3338 υπ’
335 3277 430 3338 αὐτῶν
465 3300 488 3336 υ.
522 3282 611 3340 Cobet
643 3284 753 3355 Obsp
756 3291 821 3342 ,40
910 3287 1025 3356 θδα
1026 3305 1107 3341 αντε
1093 3283 1155 3338 σε

146 3356 216 3408 σθαι
244 3371 267 3408 c.
296 3353 404 3408 Grimm
509 3359 569 3408 ἰπ
570 3356 676 3424 ροῆλθε
704 3304 753 3410 Bp
832 3361 866 3411 11
891 3358 983 3427 φῆναι
972 3374 1033 3413 ια
1057 3354 1189 3412 Reiske

147 3429 217 3546 Βῖξ
248 3420 325 3490 παρὰ
362 3423 418 3477 τῶν
454 3375 586 3492 πατέρων
620 3425 775 3482 Ambrosch
871 3434 915 3484 24.
947 3433 1034 3482 251
1019 3423 1054 3483 τά
1091 3417 1189 3480 εδδ

166 3511 185 3561 δ’
216 3511 269 3562 ΠῙΈ
