2404 3918
166 213 232 279 338
589 219 756 269 -r-

124 377 440 464 4φιλανθρωπίαις
476 373 688 463 ἀνελάμβανε
723 373 762 444 τὸ
794 381 933 463 πλῆθος.
985 374 1005 464 ἡ
1035 376 1092 464 μὲν
1122 377 1152 463 δὴ

165 487 234 552 τιόν
252 481 425 569 Ἀλβανῶν
452 481 564 569 πόλις,
590 479 635 571 ἣν
662 473 791 552 ἔκτισεν
813 481 986 564 Ἀσκάνιος
1012 481 1027 552 ὁ
1056 486 1088 566 ἐξ
1108 490 1153 552 Αἰ-

166 596 263 660 νείου
290 594 352 658 τού
377 587 532 676 Ἀγχίσου
558 591 614 658 καλ
642 589 818 678 Κρεούσης
843 594 902 678 τῆς
928 589 1081 679 Πριάμου
1105 600 1152 657 θν

165 696 298 786 γατρός,
322 702 379 785 ἐτη
403 701 604 784 διαμείνασα
622 694 703 785 μετὰ
723 697 784 766 τὸν
804 695 959 786 οἰκισμὸν
977 697 1153 766 πεντακόσια

139 809 271 894 ετριάυ
295 805 348 873 ἐπὶ
369 818 441 884 τοῖς
464 806 544 873 δέκα
563 806 696 890 δέοντα,
718 807 756 873 ἐν
780 800 830 885 οἷς
847 803 977 892 πολλὴν
996 810 1085 891 ἔσχεν
1103 805 1153 870 ἐπί

168 915 267 981 δοσιν
297 916 346 991 είς
372 908 557 999 εὐανδρίαν
583 912 702 980 τεκαὶ
728 915 877 980 πλοῦτον
904 912 962 980 καλ
988 910 1048 999 τὴν
1069 910 1153 996 ἀλλην

166 1017 300 1088 ἀπασαν
324 1017 545 1107 εὐδαιμονίαν
567 1016 589 1106 ἡ
612 1016 671 1098 τάς
692 1017 872 1105 τριάκοντα
895 1024 1052 1087 Λατίνων
1081 1016 1152 1086 ἀποι-

166 1132 288 1194 κίσασα
310 1124 424 1206 πόλεις
445 1126 502 1193 καί
524 1123 634 1194 πάντα
660 1123 721 1194 τὸν
748 1123 876 1212 χρόνον
898 1122 1089 1213 ἡγησαμένη
1107 1128 1150 1192 τού

167 1238 308 1318 ἔθνους,
339 1230 405 1300 ὐπὸ
436 1237 496 1320 τῆς
528 1231 666 1320 ἐσχάτης
697 1230 904 1319 ἀποικήσεως
935 1241 1150 1320 καθαιρεθεῖσα

126 1361 154 1402 1⁰
168 1345 290 1430 ἔρημος
312 1344 360 1417 είς
381 1339 460 1409 τόδε
481 1339 610 1428 χρόνον
633 1341 792 1426 διαμένει.

126 1451 148 1517 5
256 1445 422 1526 Βασιλεὺς
444 1445 482 1514 δὲ
509 1444 637 1526 Τύλλος
657 1444 719 1515 τὸν
742 1445 879 1515 ἐπιόντα
901 1451 1052 1534 χειμῶνα
1074 1451 1141 1514 δικλ-

165 1552 240 1624 πάν
263 1558 362 1641 ἔαρος
384 1550 575 1641 ἀρχομένου
598 1551 740 1640 στρατόν
767 1554 820 1622 ἐπὶ
845 1556 1057 1642 Φιδηναίους
1077 1551 1140 1623 πάλιν

165 1659 283 1748 ἐξάγει.
328 1673 400 1741 τοίς
427 1659 465 1728 δὲ
494 1663 694 1747 Φιδηναίοις
722 1664 820 1750 κοινῇ
848 1659 910 1748 μὲν
938 1659 1015 1730 οὐδ’
1040 1660 1147 1750 ἡτισοῦν

165 1767 311 1857 βοήθεια
330 1770 364 1851 ἐξ
383 1765 542 1856 οὐδεμιᾶς
559 1770 629 1837 τῶν
642 1771 862 1855 συμμαχίδων
880 1766 1020 1856 ἀφίκετο
1037 1768 1151 1848 πόλεων,

127 1895 153 1936 15
167 1874 379 1964 μισθοφόροι
403 1876 444 1943 δέ
463 1900 552 1955 τινες
574 1876 611 1943 ἐκ
636 1877 771 1942 πολλῶν
795 1873 1032 1963 συνερρύησαν
1054 1874 1153 1955 τόπων,

167 1977 219 2064 ok
236 1982 473 2062 πιστεύσαντες
491 1981 687 2069 ἐθάρρησαν
704 1983 741 2050 ἐκ
758 1985 818 2070 τῆς
834 1980 964 2063 πόλεως
982 1991 1153 2070 προελθεῖν·

165 2089 435 2179 παραταξάμενοι
462 2088 501 2157 δέ
526 2088 583 2156 καλ
614 2085 761 2168 πολλοὺς
788 2089 893 2176 <μέν>
924 2087 1155 2165 ἀποκτείναντες

165 2201 204 2267 ἐν
235 2202 276 2289 τῇ
308 2196 412 2286 μάχη,
444 2198 578 2288 <πολλῷ
616 2194 648 2262 δ’
679 2201 727 2274 ἐτι
757 2202 895 2277 πλείους
929 2195 1153 2285 ἀποβαλόντες)

126 2307 451 2392 6κατεκλείσθησαν
487 2302 591 2371 πάλιν
627 2306 675 2382 είς
709 2301 747 2372 τὸ
785 2300 877 2372 ἀστυ.
932 2301 977 2385 ὡς
1013 2304 1052 2373 δὲ
1081 2330 1151 2391 περι-

125 2432 152 2472 20
166 2411 364 2502 χαρακώσας
391 2398 503 2481 αὐτῶν
536 2408 598 2497 τὴν
624 2409 726 2478 πόλιν
756 2407 774 2478 ό
807 2408 934 2491 Τύλλος
961 2412 1018 2480 καὶ
1046 2309 1179 2564 περιτο-η

166 2521 316 2610 φρεύσας
356 2524 405 2600 εἰς
443 2516 507 2606 την
549 2515 692 2605 ἐσχάτην
731 2519 919 2586 κατέκλεισε
958 2517 1038 2600 τούς
1075 2523 1155 2588 ἐνδον

165 2628 323 2717 ἀπορίαν,
341 2625 609 2714 ἠναγκάσθησαν
632 2627 678 2716 τῷ
701 2628 835 2711 βασιλεῖ
854 2628 1067 2712 παραδοῦναι
1089 2629 1155 2713 σφᾶς

166 2734 290 2816 αὐτοὺς
321 2733 375 2822 ἐφ’
401 2729 452 2814 οἷς
483 2729 584 2811 αὐτὸς
615 2729 782 2818 ἐβούλετο.
836 2730 1020 2820 γενόμενος
1049 2733 1085 2801 δὲ
1110 2731 1154 2801 τόν

165 2842 295 2932 τρόπον
325 2846 448 2912 τούτου
476 2837 494 2909 ὁ
523 2836 679 2927 βασιλεὺς
705 2841 763 2924 τῆς
794 2837 923 2918 πόλεως
953 2838 1069 2928 κύριος
1095 2837 1154 2915 τούς

124 2973 152 3016 ω
167 2955 298 3030 αίτίους
320 2954 379 3038 τῆς
401 2945 615 3026 ἀποστάσεως
638 2943 849 3031 ἀποκτείνας,
877 2943 957 3025 τούς
980 2945 1018 3014 δὲ
1040 2944 1154 3023 λοιπούς

67 3097 75 3102 -
165 3056 317 3137 ἅπαντας
348 3054 519 3136 ἀπολύσας
549 3055 606 3123 καλ
635 3051 678 3122 τά
714 3054 858 3140 σφέτερα
893 3051 1002 3122 πάντα
1033 3055 1152 3144 καρποῦ-

239 3226 254 3275 7
282 3213 300 3288 ἡ
330 3218 385 3272 del.
412 3216 557 3285 Kiessling
643 3220 659 3269 9
687 3208 858 3275 ἀποικίοεως
890 3211 912 3267 Ο
941 3229 1010 3268 corr.
1037 3214 1151 3280 Kiessling

167 3298 201 3346 14
214 3292 271 3345 τῶν
285 3285 397 3344 πόλεων
410 3288 467 3342 τόν
481 3287 664 3356 συμμαχίδων
677 3280 797 3355 ἀφίκετο
817 3283 840 3340 O
853 3285 966 3353 praeter
978 3284 1001 3338 B
1054 3293 1083 3341 17
1096 3285 1151 3338 lacu·

165 3377 232 3416 nam
255 3357 357 3414 statuit
378 3357 507 3412 Hertlein
529 3357 647 3410 Hermes
670 3356 696 3410 X
718 3374 745 3425 p.
765 3361 827 3425 411,
850 3371 906 3424 quo
929 3358 1042 3412 auctore
1062 3354 1149 3424 scripsi:

164 3425 288 3491 πολλούς
301 3427 397 3501 <μλν>
406 3459 442 3469 -
452 3425 572 3515 ,ςπολλῷ
587 3421 616 3480 δ’
633 3424 675 3480 ἐτι
688 3429 802 3488 πλείους
816 3421 1029 3500 ἀποβαλόντες)
1041 3428 1073 3485 cf.
1083 3426 1150 3482 Cobet

167 3501 232 3555 Obs.
250 3518 277 3569 p.
297 3504 332 3554 68
405 3504 439 3553 19
458 3515 528 3554 αστυ
547 3496 570 3549 Β
588 3492 659 3551 αὐτό
679 3497 704 3552 R
777 3503 810 3552 22
829 3491 948 3568 ἀπορίαι
966 3500 992 3553 Α
