2404 3918
462 234 628 286 ..Γ-

26 393 90 461 καῖ
117 390 198 474 τοὺς
224 397 433 482 Φιδηναίους
461 396 633 479 διηγεῖται.
682 392 776 472 τέλος
804 389 846 478 δή
875 387 914 460 τὸ
942 388 1054 476 κράτι-

28 519 118 568 στον
145 499 325 589 εἰληφότος
351 505 413 572 τοῦ
440 502 590 588 πολέμου
618 497 657 570 τά
691 496 791 568 λοιπά
820 495 886 585 ήδη
915 509 1053 565 σκοπεῖν

29 604 161 687 αὐτοὺς
192 605 304 694 ήξίον,
335 613 411 677 τίνα
444 604 506 696 χρή
543 606 670 696 τρόπον
701 603 959 693 τιμωρήσασθαι
990 602 1053 691 μὲν

33 711 115 795 τοὺς
137 711 317 801 προδότας,
340 715 620 803 σωφρονεστέραν
640 712 677 782 δέ
695 712 758 800 τήν
777 711 949 798 Ἀλβανῶν
971 707 1054 779 άπο-

37 824 162 890 δοῦναι
184 819 285 891 πόλιν
313 827 361 901 είς
386 819 424 891 τὸ
451 820 581 890 λοιπόν.
627 823 665 889 τδ
689 819 751 908 μὲν
779 812 843 890 οὖν
865 817 1081 914 τιμωρήσωῦ

36 937 120 996 σθαι
143 926 224 1008 τοὺς
250 927 522 1018 ἐπιχειρήσαντας
547 933 658 1017 ἔργοις
680 925 833 1007 ἀνοσίοις
852 929 956 994 πῶσιν
979 923 1054 994 έδό-

37 1060 85 1102 κει
119 1034 255 1105 δίκαιόν
286 1061 321 1104 τε
353 1036 409 1104 καὶ
432 1033 618 1122 ἀναγκαῖον
650 1033 753 1120 εἶναι,
787 1030 828 1102 ὃν
855 1031 893 1101 δέ
925 1031 1053 1120 τρόπον

38 1143 138 1210 τοῦτο
162 1138 285 1228 γένοιτ’
311 1136 355 1210 άν
378 1143 483 1232 ῥᾷστα
505 1143 561 1210 καί
587 1140 820 1230 ἀσφαλέστατα
842 1137 971 1227 πολλὴν
995 1135 1054 1207 αιἰ-

4 1261 112 1328 τῖῖτοῖς
134 1261 292 1336 παρεῖχεν
310 1245 465 1336 ἀπορίαν.
505 1246 620 1340 άδήληι
644 1249 706 1337 μὲν
729 1245 793 1335 γάρ
814 1247 870 1316 καὶ
893 1244 1054 1332 λεληθότι

47 1353 131 1446 μόρῳ
155 1351 302 1435 πολλοὺς
324 1354 380 1422 καὶ
402 1353 554 1441 άχαθοδς
574 1353 746 1442 Ἀλβανῶν
773 1353 902 1442 άνδρας
930 1358 1053 1442 διαχει-
1068 1369 1096 1410 1⁰

4 1499 6 1530 ε
44 1466 202 1544 ρίσασθαι
224 1464 292 1530 τῶν
315 1458 496 1531 ἀδυνάτων
519 1459 633 1541 αὐτοῖς
655 1463 812 1550 ἐφαίνετο
836 1458 936 1530 εἶναι·
962 1464 994 1528 εί
1016 1459 1055 1528 δέ

41 1571 195 1656 φανερῶς
218 1565 468 1655 συλλαμβάνειν
490 1569 546 1637 καί
568 1577 789 1657 τιμωρεῖσθαι
811 1565 891 1648 τοὺς
914 1566 1055 1656 ἐνόχους

40 1687 110 1754 ταῖς
133 1677 255 1753 αίτίαις
278 1674 538 1762 ἐπιχειρήσειαν,
567 1673 609 1743 οὐ
631 1674 857 1762 περιόψεσθαι
883 1672 963 1754 τοὺς
983 1673 1055 1743 Ἀλ-

42 1779 167 1865 βανοδς
201 1778 457 1869 ὑπελάμβανον,
489 1779 562 1850 ἀλλ’
593 1783 647 1850 ἐπὶ
678 1779 719 1850 τά
756 1779 842 1850 όπλα
879 1780 1055 1869 χωρήσειν.

42 1885 106 1974 ἅμα
141 1886 178 1956 δέ
208 1895 366 1975 πολεμεῖν
392 1892 593 1976 Φιδηναίοις
624 1914 660 1958 τε
690 1890 746 1958 καί
778 1895 967 1976 Τυρρηνοῖς
997 1888 1053 1958 καὶ
1068 1911 1095 1952 ιτ

42 2008 108 2075 τοῖς
136 1994 190 2064 ἐπὶ
216 1995 278 2082 τήν
307 2000 498 2083 συμμαχίαν
522 1999 619 2083 σφῶν
646 1994 918 2084 συνεληλυθόσιν
939 1992 1055 2081 Ἀλβα-

43 2115 115 2182 νοῖς
141 2100 204 2172 οὐκ
231 2104 422 2189 ἐβούλοντο.
472 2101 717 2191 ἀπορουμένων
746 2100 777 2170 δ’
804 2098 917 2172 αὐτῶν
943 2108 1056 2170 τελευ-

43 2220 132 2288 ταῖος
163 2206 402 2292 ἀποδείκνυται
437 2208 578 2298 χνῶμην
611 2207 629 2279 δ
661 2208 803 2296 Τάλλος,
835 2205 879 2297 ἣν
896 2206 1056 2290 ’άπαντες

44 2315 223 2404 ἐπῄνεσαν,
245 2315 328 2405 ὑπὲρ
352 2308 392 2404 ής
414 2316 495 2405 μετά
518 2315 639 2405 μικρὸν
663 2319 737 2403 ἐρῶ.

129 2424 266 2492 XXVII.
297 2422 546 2512 Τετταράκοντα
567 2422 600 2490 δ’
617 2421 728 2492 ὅντων
748 2427 895 2492 σταδίων
913 2427 982 2492 τῶν
1000 2449 1055 2511 με·
1069 2444 1097 2488 ιο

44 2527 122 2611 ταξδ
147 2528 300 2616 Φιδήνης
325 2557 360 2599 τε
391 2531 448 2598 καὶ
469 2527 597 2618 Ῥοόμης
623 2529 744 2611 ἐλάσας
770 2529 831 2599 τὸν
858 2533 963 2598 ἵππον
989 2527 1056 2598 άνδι

47 2633 160 2722 κράτος
182 2641 295 2725 παρήν
319 2636 372 2704 ἐπὶ
396 2634 457 2705 τὸν
481 2635 610 2727 χάρακα
636 2637 692 2705 καὶ
719 2637 799 2725 πρὶν
822 2634 951 2725 ἡμέραν
975 2644 1057 2724 λαμ

47 2742 130 2828 τράν
153 2744 314 2829 γενέσθαι
336 2743 478 2822 καλέσας
496 2742 642 2831 Μάρκον
655 2741 810 2830 Ὁράτιον
833 2741 894 2812 τὸν
912 2750 1056 2828 περιλει-

929 2874 1058 2920 ιππεων

49 2957 99 3025 καί
124 2963 192 3028 τῶν
219 2961 326 3041 πεζῶν
353 2955 433 3039 τοὺς
454 2954 698 3044 ἀκμαιοτάτους
721 2958 894 3026 ἐκέλευσεν
917 2957 970 3025 ἐπὶ
993 2954 1056 3043 τήν
1070 2975 1097 3019 ω

13 3058 215 3151 49οἈλβανῶν
243 3065 344 3134 πόλιν
367 3063 478 3151 άχειν,
506 3064 722 3153 παρελθόντα
751 3062 783 3132 δ’
810 3061 904 3143 έντδς
926 3068 1058 3150 τείχους

115 3292 318 3367 λπροειδότας
341 3297 366 3351 Α
447 3302 463 3352 6
487 3294 540 3367 μὲν
562 3293 630 3360 τούς
652 3299 677 3351 Α
698 3298 702 3365 Ι
724 3289 958 3366 ἐπιχειρήσαντας
983 3295 1058 3349 Bau

54 3362 347 3439 προςεπιχειρήοαντας
369 3368 416 3422 Bb
488 3374 505 3423 8
528 3369 612 3424 τοῦτο
634 3369 657 3422 Β
681 3384 735 3422 om.
761 3367 786 3422 R
863 3371 895 3420 13
917 3361 1058 3434 ἐπιχειρή-

55 3441 163 3494 σειανΒ
192 3435 368 3509 ἐπιχειρήσαι
383 3441 416 3495 Β
499 3445 533 3495 14
556 3445 658 3511 χωρεῖν
682 3439 704 3494 0
737 3433 875 3508 χωρήσειν
898 3436 1059 3508 Stephanus

56 3510 84 3561 16
101 3505 266 3580 ἐληλυθόσιν
285 3511 360 3565 ΒαΒ,
375 3513 381 3580 l
396 3507 529 3584 άλβανῶν
547 3512 600 3566 ΑΒ
672 3516 706 3566 23
726 3511 859 3578 γίνεσθαι
878 3508 901 3563 Β
