2396 3918
449 231 616 285 -A-
977 231 1039 297 131

40 391 122 455 θείαν
144 387 253 475 τύχην
281 387 349 476 ἀμα
377 387 573 475 διεληλύθει
599 387 661 476 τὴν
689 386 797 477 αὐτὴν
825 388 910 460 ὁδὸν
933 396 981 471 εἰς
1003 391 1040 462 τὸ

39 493 239 563 Παλλάντιον
272 494 347 564 ίύν·
385 493 423 576 ὃς
454 493 573 583 ἥκιστα
605 509 676 576 τοῖς
702 495 818 578 ἀλλοις
846 497 1042 585 καταφανὴς

39 600 204 688 γενόμενος
237 598 283 681 ὡς
314 604 490 671 ἐπίσταταί
514 629 548 670 τι
579 606 641 670 τοῦ
672 603 866 693 πράγματος
897 602 1041 687 ἀξιύσας

38 703 110 798 αὑτῷ
130 711 397 795 συγχωρηθῆναι
416 708 457 776 τά
477 710 586 796 βρέφη
606 708 770 796 λαμβάνει
792 736 828 778 τε
848 707 933 780 αύτά
950 708 1040 798 παρὰ

37 818 81 880 τοῦ
104 817 225 882 κοινοῦ
243 814 299 882 ταὶ
318 814 433 901 φέρων
458 811 505 894 ὡς
526 813 588 901 τὴν
611 829 755 901 γυναῖκα
778 821 916 905 ἔρχεται.
951 784 1093 920 τετυ-119

37 934 119 988 ινῐαν
144 919 182 986 δὲ
205 918 404 1007 καταλαβὼν
427 921 483 988 καί
506 916 703 1008 ἀχθομένην
728 919 782 990 ότι
809 920 930 1010 νεκρὸν
954 921 1039 1013 αὐτῇ

38 1025 60 1094 τὸ
85 1029 212 1114 βρέφος
239 1020 284 1113 ἦν
311 1031 564 1114 παραμυθεῖταί
586 1052 622 1096 τε
652 1031 708 1096 καί
742 1030 885 1098 δίδωσιν
912 1025 1039 1116 ὑποβα-

41 1135 139 1200 λέσθαι
161 1133 204 1202 τά
226 1136 345 1202 παιδία
372 1136 485 1202 πᾶσαν
511 1135 546 1215 ἐξ
573 1130 680 1222 ἀρχῆς
708 1134 954 1223 διηγησάμενος
976 1134 1038 1222 τὴν

38 1242 252 1326 κατασχοῦσαν
276 1236 361 1308 αύτά
383 1239 499 1328 τύχην.
540 1238 739 1328 αὐξομένοις
762 1241 800 1310 δὲ
824 1240 940 1322 αὐτοῖς
961 1241 1038 1311 όνο-

34 1373 64 1430 μα
90 1353 221 1414 τίθεται
247 1349 294 1438 τῷ
322 1346 385 1435 μέν
408 1344 596 1434 Ῥωμύλον,
626 1351 673 1440 τῷ
702 1348 740 1416 δὲ
758 1346 896 1438 Ῥῶμον.
943 1352 978 1418 oc
999 1348 1037 1418 δὲ
1053 1376 1078 1415 ιο

33 1450 254 1540 ἀνδρωθέντες
286 1459 440 1540 γίνονται
472 1455 555 1524 τιατά
586 1481 622 1525 τε
654 1453 794 1537 ἀξίωσιν
822 1459 955 1544 μορφῆς
982 1457 1039 1523 καί

32 1557 235 1646 φρονήματος
258 1558 362 1646 ὄγκον
391 1557 433 1629 ού
456 1568 665 1649 συοφορβοῖς
692 1563 748 1630 καί
771 1561 950 1649 βουκόλοις
972 1565 1037 1632 έοι-

30 1665 123 1751 ιότες,
154 1662 229 1734 ἀλλ’
256 1670 351 1746 οἵους
378 1665 422 1736 ἀν
449 1694 501 1747 τις
522 1664 674 1750 ἀξιώσειε
701 1667 781 1749 τοὺς
804 1671 840 1738 έιι
863 1675 1037 1755 βασιλείου

13 1789 53 1838 ιοιε
85 1771 216 1858 φύντας
244 1775 367 1858 γένους
398 1775 454 1842 καὶ
486 1771 552 1844 ἀπὸ
586 1774 762 1863 δαιμόνων
789 1780 916 1864 σποράς
943 1778 1036 1862 γενέ-

28 1887 99 1945 σθαι
126 1881 385 1966 νομιζομένους,
414 1877 460 1962 τός
488 1882 525 1950 ἐν
551 1895 624 1961 τοῖς
650 1887 803 1970 πατρίοις
825 1881 947 1970 ὕμνοις
969 1881 1034 1952 ὑπὸ
1052 1891 1113 1946 1⁵*

25 1979 183 2070 Ῥωμαίων
208 1989 256 2054 έτι
279 1989 335 2054 καί
354 1990 421 2054 νῦν
444 1984 569 2076 ᾅδεται.
610 1993 684 2075 βίος
708 1985 739 2055 δ’
761 1986 876 2069 αὐτοῖς
894 1982 938 2076 ἦν
955 1989 1086 2076 βου-11

27 2090 147 2170 ιολιιιδς
168 2093 226 2160 καὶ
251 2096 362 2161 δίαιτα
385 2091 574 2182 αὐτουργός
601 2097 639 2162 ἐν
667 2093 761 2182 ὄρεσι
782 2097 824 2164 τὰ
845 2094 952 2164 πολλὰ
973 2120 1035 2183 πη-

27 2199 169 2284 ξαμένοις
194 2198 252 2267 διά
270 2199 381 2281 ξύλων
400 2201 456 2268 καί
477 2200 639 2289 καλάμων
659 2199 785 2288 σκηνάς
808 2200 1035 2290 αὐτορόφους·

27 2293 62 2370 όν
85 2310 134 2374 ἔτι
156 2306 215 2374 καί
239 2310 286 2386 είς
309 2305 366 2393 ἐμὲ
389 2297 433 2393 ἦν
455 2333 507 2387 τις
532 2312 594 2376 τοῦ
617 2315 835 2378 Παλλαντίου
858 2309 954 2394 <έπὶ>
976 2312 1035 2394 τῆς

26 2409 95 2496 ιρδς
123 2411 188 2481 τὸν
213 2411 426 2500 ίππόδρομον
455 2413 665 2501 στρεφούσης
692 2415 838 2502 λαγόνος
860 2411 1034 2500 Ῥωμύλου
1048 2437 1075 2476 20

27 2520 192 2606 λεγομένη,
215 2515 261 2605 ἣν
283 2518 516 2606 φνλάττονσιν
538 2519 634 2608 ίεράν
658 2516 710 2602 οἷς
730 2521 861 2590 τούτων
885 2519 1034 2607 ἐπιμελὲς

28 2620 113 2692 οὐδέν
137 2626 193 2694 ἐπὶ
210 2623 249 2694 τὸ
269 2624 475 2714 σεμνότερον
494 2625 679 2714 ἐξάγοντες,
698 2633 729 2696 εί
747 2630 787 2696 δέ
802 2653 834 2695 τι
853 2625 1034 2713 πονήσειεν

27 2725 76 2798 ὑπὸ
107 2735 275 2819 χειμῶνος
300 2727 323 2819 ἢ
351 2732 479 2819 χρόνον
511 2731 549 2801 τὸ
582 2741 699 2802 λεῖπον
732 2732 948 2820 ἐξακούμενοι
976 2733 1033 2802 καί

27 2840 58 2925 ιβ
78 2837 236 2926 πρόσθεν
259 2838 492 2924 ἐξομοιοῦντες
514 2843 562 2919 είς
586 2839 744 2927 δύναμιν.
790 2839 861 2908 ἐπεὶ
885 2839 922 2908 δὲ
945 2837 1086 2927 ἀμφὶ12

26 2941 54 3007 ιά
83 2942 311 3012 ὀκτωκαίδεκα
348 2949 403 3030 ἔτη
440 2945 618 3031 γεγονότες
654 2938 743 3034 ἦσαν
775 2943 968 3034 ἀμφίλογόν
1000 2972 1032 3016 τι
1046 2977 1072 3018 νε

27 3051 85 3136 περὶ
111 3055 171 3138 τῆς
200 3053 308 3139 νομῆς
335 3047 450 3130 αὐτοῖς
477 3058 605 3138 γίνεται
632 3051 716 3140 πρὸς
737 3051 818 3132 τούς
839 3057 1033 3141 Νεμέτορος

81 3217 98 3264 4
116 3205 197 3284 αύτῷ
215 3211 363 3266 Meutzner
376 3212 447 3266 Ann.
463 3211 532 3281 phil.
548 3217 618 3267 1877
635 3231 662 3282 p.
678 3218 728 3268 831
748 3207 827 3284 αύτῷ
847 3212 870 3268 Ο
926 3218 941 3266 7
961 3207 1031 3266 ότο-

28 3275 168 3344 βάλλεσθαι
187 3283 213 3336 Α
287 3287 321 3336 10
340 3278 427 3351 δέμον
442 3282 468 3336 Α
550 3290 582 3338 19
608 3278 656 3338 ἐπὶ
674 3284 725 3352 τῆς
744 3279 777 3339 έν
795 3301 819 3338 ο.
840 3283 963 3354 Sylburg
983 3278 1031 3338 έπλ

28 3351 112 3406 mo
206 3358 242 3410 20
269 3347 495 3423 έπεστρεφοόσης
520 3353 543 3409 0
578 3354 583 3425 Ι
621 3349 803 3424 ἡῬωμόλον
836 3372 860 3409 ο.
892 3353 1030 3408 Βδολιολοε

29 3422 51 3538 {l
66 3418 211 3548 τοόέωνθ
230 3424 316 3480 τοῦτο
337 3423 438 3481 Reiske
501 3430 536 3480 λθ
550 3421 793 3496 ίξασιιούμενοιΒ
856 3429 891 3480 25
909 3420 1029 3495 ἀμφί..

40 3509 95 3559 ⁰7⁰⁹
702 3543 710 3556 .

829 3580 867 3634 9⁸
