2412 3912
480 205 644 255 -A-
1030 203 1072 270 15

77 367 193 442 θρωποι
222 359 567 448 προσαγορευόμενοι,
600 363 696 450 μέχρι
728 361 789 449 μὲν
820 365 882 432 τοῦ
918 367 1072 449 Τρωικοῦ

75 466 203 550 πολέμου
224 463 286 552 τὴν
310 463 454 556 ἀρχαίαν
477 472 547 536 τῶν
566 465 788 556 Ἀβοριγίνων
812 465 999 557 ὀνομασίαν
1023 475 1070 538 ἔτι

77 570 226 656 σύζοντες,
245 573 297 642 ἐπὶ
317 573 355 642 δὲ
374 579 526 646 Λατίνου
543 576 716 662 βασιλέως,
735 571 773 656 δς
792 574 875 644 κατά
899 573 958 646 τὸν
974 574 1070 645 Ἰλια-

75 676 125 744 κὸν
141 678 282 766 πόλεμον
301 680 513 767 ἐδυνάστευε,
526 688 667 750 Λατῖνοι
687 681 868 770 ἀρξάμενοι
885 691 1070 752 καλεῖσθαι.

71 780 221 870 Ῥωμύλου
249 785 287 854 δὲ
316 785 380 874 τὴν
408 786 587 874 ἐπώνυμον
620 787 727 856 αύτού
753 787 855 857 πόλιν
882 765 1110 894 οίκίσαντοςέ

74 891 226 959 ἑκκαίδεκα
263 907 394 979 γενεαῖς
429 898 498 962 τῶν
538 898 699 982 Τρωικῶν
734 892 894 982 ὕστερον,
924 892 968 982 ἣν
1004 898 1070 963 νύν

35 1013 60 1061 11
75 1000 185 1082 ἔχουσιν
204 997 394 1086 ὀνομασίαν
414 1000 668 1087 μεταλαβόντες,
684 1006 785 1082 ἐθνος
806 1026 841 1070 τε
860 1003 1017 1090 μέγιστον
1036 1003 1069 1084 ἐξ

79 1104 227 1190 ἐλαχίστου
245 1107 407 1192 γενέσθαι
426 1105 492 1176 σύν
506 1106 617 1198 χρόνμ
631 1108 885 1196 παρεσκεύασαν
903 1110 960 1177 καλ
978 1134 1069 1195 περι-

74 1211 261 1293 φανέστατον
285 1213 318 1293 ἐξ
341 1209 562 1301 ἀδηλοτάτου,
581 1217 649 1282 τῶν
667 1241 703 1282 τε
722 1216 891 1302 δεομένων
911 1215 1069 1303 οἰκήσεως

69 1315 141 1402 παρὰ
162 1324 260 1405 σφίσι
283 1319 517 1412 φιλανθρώπῳ
537 1321 692 1411 ἀποδοχῇ
713 1322 769 1389 καί
787 1327 954 1405 πολιτείας
973 1349 1068 1410 μετα·
1082 1345 1109 1388 10

67 1421 145 1492 δόσει
166 1436 237 1504 τοῖς
259 1424 340 1512 μετὰ
362 1429 424 1494 τού
448 1433 609 1512 γενναίου
639 1430 676 1496 ἐν
699 1429 832 1518 πολέμῳ
859 1439 1068 1518 κρατηθεῖσι,

67 1531 182 1600 δούλων
215 1558 252 1602 τε
286 1529 360 1600 ὅσοι
396 1531 475 1621 παρ’
505 1530 620 1613 αὐτοῖς
658 1535 921 1623 ἐλευθερωθεῖεν
954 1531 1068 1617 ἀστοῖς

63 1633 137 1704 εἶναι
162 1638 393 1727 συγχωρήσει,
423 1638 524 1727 τύχης
555 1666 590 1708 τε
623 1637 817 1725 ἀνθρώπων
850 1639 1010 1729 οὐδεμιᾶς
1038 1647 1069 1710 εί

62 1744 162 1827 μέλλοι
184 1743 225 1814 τὸ
249 1744 367 1814 κοινὸν
392 1744 537 1834 ἀφελεῖν
561 1742 756 1828 ἀπαξιώσει·
794 1745 878 1836 ὑπὲρ
901 1753 1005 1816 ταῦτα
1029 1746 1067 1816 δὲ

61 1849 155 1919 πάντα
181 1851 298 1942 κόσμμ
325 1857 388 1922 τοτ’
416 1852 671 1941 πολιτεύματος,
700 1850 741 1923 δν
769 1857 805 1923 ἐκ
832 1858 967 1923 πολλῶν
992 1881 1065 1922 κατ·
1080 1875 1106 1918 1ο

60 1956 230 2044 εοτήσαντο
253 1958 477 2047 παθημάτων,
497 1962 533 2028 ἐκ
551 1958 676 2041 παντός
692 1971 814 2049 καιροῦ
837 1961 1067 2048 λαμβάνοντές

59 2088 83 2128 τι
103 2064 277 2154 χρήσιμον.

132 2191 172 2256 Χ.
210 2186 297 2269 Τοὺς
320 2189 359 2258 δὲ
380 2189 600 2277 Ἀβοριγῖνας,
624 2187 683 2277 ἀφ’
706 2182 755 2260 τόν
778 2190 871 2278 ἀρχει
889 2189 1065 2279 Ῥωμαίοις

57 2291 86 2360 ιδ
107 2295 216 2382 γένος,
236 2297 272 2363 οί
288 2295 349 2382 μὲν
369 2293 582 2383 αὐτόχθονας
597 2295 749 2382 Ἰταλίας,
767 2300 865 2383 γένος
884 2295 1060 2366 αὐτὸκαθ’

56 2399 142 2470 ἑαιπδ
166 2401 356 2489 γενόμενον
380 2401 643 2489 ἀποφαίνουσιν·
670 2400 813 2471 Ἰταλίαν
837 2403 875 2470 δὲ
892 2408 982 2472 καλῶ
1000 2403 1064 2491 την
1077 2416 1104 2457 2⁰

54 2500 147 2593 ἀκτὴν
171 2507 369 2595 σύμπασαν,
398 2506 483 2597 ὅσην
502 2506 622 2588 Ἰόνιός
649 2534 684 2576 τε
707 2506 831 2598 κόλπος
853 2509 908 2577 καί
936 2517 1061 2601 Τυρρη-

54 2613 119 2695 νικὴ
147 2614 308 2682 θάλασσα
335 2615 393 2682 καί
419 2621 528 2703 τρίται
550 2616 765 2703 περιέχουσιν
789 2616 824 2683 ἐκ
846 2615 1062 2702 γῆς’Ἇλπεις.

18 2715 40 2766 ²⁸
53 2719 99 2786 καί
120 2718 185 2808 τὴν
209 2718 397 2808 ὀνομασίαν
421 2717 536 2802 αύτοῖς
562 2719 625 2810 τὴν
651 2723 788 2808 πρύτην
811 2722 894 2808 φασδ
919 2730 1063 2812 τεθῆναι

52 2983 113 3023 corr.
130 2970 224 3052 BnJg}
241 2972 348 3032 διτταῖς
366 2968 510 3039 Kiessling
532 2963 634 3032 αύταῖς
653 2969 676 3024 0
705 2976 822 3040 συχναῖς
840 2970 961 3059 θγλλχαες
986 2991 1060 3042 τρισ-

52 3040 313 3168 maii?
329 3041 581 3167 {flussss‘mffwifss
601 3041 872 3167 δθλλδλλιλί·
897 3044 1061 3169 Αδρίλῖἒέ

15 3211 16 3236 ;
51 3179 154 3252 Sauppe
180 3182 252 3252 Eph.
277 3183 354 3238 Gott.
380 3189 449 3238 1861
477 3201 504 3266 μ.
530 3188 597 3237 1859
635 3178 727 3238 αύτού
746 3183 794 3237 ΑΒ
820 3189 824 3250 Ι
850 3180 1058 3253 οἰκήσαντοςΟ

15 3275 16 3292 ι
51 3254 106 3307 8τε
121 3255 210 3310 om.B
267 3259 300 3308 115
315 3251 442 3324 μέλλοιεν
451 3254 561 3309 Βιῒεολιλ
612 3259 645 3308 16
660 3254 893 3329 wstmgtsO¹
925 3255 1060 3310 20verba

50 3321 121 3388 γένος·
136 3366 143 3378 .
160 3367 166 3379 .
183 3321 358 3394 ,γενόμενον
378 3326 433 3382 δελ.
449 3324 551 3379 Garrer
566 3325 631 3380 Obs.
652 3325 689 3378 ad
704 3323 819 3394 Dionys.
833 3344 860 3396 p.
872 3330 905 3378 31
961 3331 995 3379 22
1010 3323 1059 3379 καί

50 3392 194 3464 ιυρρητικὴ
212 3393 347 3451 θάλασσα
361 3398 393 3467 Β,
408 3414 462 3452 om.
477 3399 502 3450 A
517 3399 553 3466 (τί
566 3397 727 3466 thyrrenum
740 3413 815 3452 υιαιι
828 3397 904 3462 Eue.)
960 3401 994 3450 23
1008 3414 1058 3450 πε-

51 3464 225 3528 ριίπουσινΒ
242 3471 247 3536 Ι
265 3463 297 3522 ἐκ
315 3468 364 3537 τῆς
383 3468 408 3521 Α
