2396 3918
440 241 636 294 ...A..

55 396 83 466 δ’
105 399 140 466 έν
167 397 252 489 αὐτῇ
279 400 542 488 πολιτευόμενον
569 404 702 487 πλῆθος
728 397 750 487 ἡ
777 403 973 470 καθελοῦσα
998 399 1062 488 τὴν

52 505 252 593 μητρόπολιν
275 504 455 589 ὑπεδέξατο
473 505 593 596 Ῥώμη.
625 505 710 576 ἀλλὰ
723 511 828 576 ταῦτα
845 507 908 595 μέν
931 510 969 576 έν
991 521 1063 588 τοῖς

53 614 260 700 ἱκνουμένοις
286 613 423 701 χρόνοις
450 615 598 701 ἐγένετο,
626 612 727 701 ἡνίκα
755 613 792 682 δὲ
822 611 955 706 ᾠκίζετο
977 612 1062 702 πρὸς

52 717 115 806 όρει
135 721 194 788 καὶ
216 726 319 810 λίμνη
341 720 593 808 κατεσκευάσθη
617 721 655 791 τὸ
679 723 783 810 μέσον
811 723 976 808 ἐπέχουσα
1000 719 1060 808 άμ

52 839 138 912 φολν,
170 829 228 896 καὶ
263 820 307 915 ἦν
337 827 448 918 ὥσπερ
483 834 574 916 τείχη
602 832 661 916 τῆς
692 827 822 908 πόλεως
846 831 952 897 ταῦτα
979 831 1087 896 δυσ-ι

51 933 176 1002 άλωτον
199 933 306 1022 αὐτὴν
328 941 500 1004 ποιοῦντα.
532 935 570 1006 τό
585 963 620 1005 τε
634 934 699 1026 γάρ
722 934 803 1024 ὅρος
817 938 854 1005 έν
876 950 947 1015 τοῖς
968 934 1060 1003 πάνυ

57 1037 169 1127 ὀχυρόν
196 1067 233 1110 τε
260 1043 316 1109 καὶ
343 1039 478 1129 ὑψηλόν
505 1044 597 1111 ἐστιν
620 1040 642 1128 ἥ
665 1067 700 1110 τε
728 1047 829 1130 λίμνη
857 1047 982 1128 βαθεῖα
1003 1042 1060 1109 καὶ

57 1146 183 1234 μεγάλη,
211 1148 269 1215 καὶ
292 1146 400 1236 αὐτὴν
427 1148 484 1217 διά
506 1148 692 1218 κλισιάδων
715 1147 951 1238 άνοιγομέυωυ
978 1145 1060 1216 ὑκο-

53 1254 170 1339 δέχεται
202 1253 242 1324 τὸ
274 1259 393 1324 πεδίον
425 1259 678 1344 ταμιευομένων
712 1252 840 1324 ὁπόσον
876 1255 1060 1341 βούλονται

48 1363 107 1427 τόν
128 1359 328 1451 ἀνθρώπων
351 1362 389 1432 τὸ
403 1361 507 1452 ὕδωρ.
542 1361 716 1432 ὑπόκειται
736 1362 774 1431 δὲ
792 1366 832 1451 τῇ
850 1362 946 1431 πόλει
960 1334 1101 1463 πεδίαῖἶ

45 1465 222 1554 θαυμαστά
245 1469 307 1556 μὲν
331 1473 429 1556 ίδεῖν,
452 1469 598 1539 πλούσια
622 1469 660 1538 δέ
682 1468 739 1537 καὶ
763 1477 881 1550 οίνους
901 1468 958 1536 καὶ
980 1495 1060 1556 καρ-

44 1573 121 1654 τοὺς
143 1577 333 1664 ἐξενεγκεῖν
360 1577 597 1658 παντοδαποὺς
619 1578 675 1645 καὶ
699 1574 803 1645 οὐδέν
825 1578 1060 1663 ἐνδεεστέρους

42 1685 95 1768 τῆς
116 1681 226 1769 άλλης
245 1677 401 1770 Ἰταλίας,
432 1683 575 1772 μάλιστα
606 1684 644 1752 δέ
672 1682 734 1752 τὸν
756 1682 969 1771 καλούμενον
989 1681 1059 1749 Ἀλ-

40 1788 145 1874 βανόν
183 1787 281 1859 οἶνον
314 1787 402 1877 ἡδὺν
429 1791 485 1858 καὶ
516 1789 637 1876 καλόν,
675 1792 737 1871 ἔξω
770 1792 832 1858 τοῦ
868 1794 1060 1877 Φαλερίνου

40 1899 227 1984 λεγομένου
249 1901 319 1964 τῶν
341 1900 428 1982 γοῦν
451 1895 564 1965 άλλων
586 1894 747 1965 ἁπάντων
771 1894 1037 1983 διαφορώτατον.
1073 1920 1100 1960 ιι

2 2009 40 2059 158
101 2006 243 2072 LXVII.
271 2001 328 2072 Ἐν
353 2004 391 2072 δὲ
412 2008 452 2093 τῇ
475 2009 580 2072 κτίσει
602 2008 661 2091 τῆς
683 2003 811 2083 πόλεως
832 2006 951 2091 θαῦμα
970 2009 1059 2092 μέγι-

39 2129 115 2179 στον
140 2113 276 2197 λέγεται
299 2111 469 2196 γενέσθαι.
514 2112 846 2190 κατασκευασθέντος
871 2125 942 2190 τοῖς
970 2113 1061 2178 έδεσι

36 2220 101 2285 τόν
124 2221 238 2304 θεῶν,
262 2213 322 2297 οὓς
341 2222 481 2298 Αἰνείας
503 2219 620 2305 έκιτῆς
638 2217 797 2306 Τρωάδος
818 2216 981 2305 ἠνέγκατο
1003 2219 1059 2285 καὶ

37 2327 250 2412 καθίδρυσεν
285 2325 323 2392 έν
355 2327 401 2416 τῷ
430 2329 620 2416 Λαουϊνίῳ,
651 2327 739 2393 ναοῦ
771 2329 897 2411 χωρίον
925 2329 1061 2410 ἔχοντος

37 2429 167 2516 άβατον
195 2431 253 2499 καὶ
279 2433 348 2500 τῶν
377 2431 572 2521 ἱδρυμάτων
600 2434 636 2500 έκ
665 2435 727 2500 τοῦ
750 2435 940 2500 Λαουινίου
963 2455 1058 2516 μετα·
1072 2461 1099 2501 εο

37 2540 275 2625 κομισθέντων
300 2540 350 2622 [έκ
368 2542 430 2607 τοῦ
444 2537 525 2624 νεεδ]
550 2544 598 2619 είς
618 2542 741 2607 τοῦτον
764 2538 825 2607 τὸν
840 2535 969 2626 μυχόν,
991 2533 1057 2604 ὑπὸ

34 2644 91 2731 την
116 2648 288 2714 ἐπιοῦσαν
311 2644 416 2713 νύκτα
438 2647 682 2734 κεκλεισμένων
705 2672 740 2714 τε
761 2642 806 2724 ὡς
829 2645 972 2732 μάλιστα
989 2645 1058 2711 τῶν

37 2756 157 2839 θυρῶν
191 2751 250 2820 καὶ
282 2749 385 2820 οὐδέν
416 2752 601 2820 παθόντων
641 2750 717 2820 οὔτε
753 2751 944 2839 περιβόλων
982 2749 1059 2819 οὔτε

35 2855 177 2946 ὀροφῶν
211 2860 437 2944 διαμείψαντα
467 2857 508 2927 τά
535 2860 637 2946 βρέτη
669 2857 732 2945 τὴν
761 2857 880 2927 στάσιν
908 2859 962 2927 ἐπὶ
989 2861 1058 2926 τῶν

101 3025 122 3072 4
142 3012 295 3088 ἀπέχουσα
313 3017 366 3072 ΑΒ
449 3025 464 3073 ’λ
489 3013 595 3088 ὀχυρόν
614 3039 641 3072 τι
658 3018 712 3072 ΑΒ
796 3025 829 3074 10
848 3019 935 3074 πεδία
954 3036 1009 3074 om.
1035 3017 1058 3071 B

38 3095 65 3141 11
92 3089 148 3144 καὶ
179 3091 275 3152 οἴνους
297 3089 370 3144 Assa
397 3088 446 3144 καλ
473 3084 601 3158 καρποὺς
624 3089 648 3142 Β
671 3107 725 3159 mg
753 3085 881 3158 καρποὺς
908 3084 1010 3151 άλλους
1034 3105 1057 3142 ο.

36 3158 144 3230 Kayser
164 3159 235 3215 Ann.
254 3159 324 3230 phil.
346 3167 415 3216 1863
434 3180 462 3231 p.
482 3167 498 3215 9
524 3163 529 3230 Ι
555 3156 717 3229 ἐξενεγκεῖν
741 3155 890 3229 ἐπιτήδεια
914 3178 937 3214 ο.
956 3159 1058 3214 Reiske

36 3226 200 3300 ἐξενεγκεῖν
220 3227 306 3286 ἱκανά
325 3232 462 3286 Biicheler
536 3239 568 3286 12
588 3225 717 3286 οὐδένων
736 3249 760 3288 ο.
778 3232 880 3286 Βοὶελεε
950 3235 984 3285 14
1002 3249 1058 3298 φα-

36 3303 136 3370 λερνοῦ
157 3301 204 3356 Ba
278 3308 311 3356 1⁷
330 3302 664 3358 κατασκευασθέντωνΑ
737 3308 771 3356 20
790 3299 1058 3373 μετακομισθέντων

35 3370 336 3498 Βωςκκιχιισθέντων
349 3375 375 3428 A
444 3381 476 3428 21
493 3369 526 3428 ἐκ
540 3373 591 3428 τοῦ
605 3369 660 3428 νεά
677 3375 759 3444 (ναοῦ
775 3374 808 3443 Β)
822 3375 854 3443 0,
868 3371 922 3428 δελ
934 3370 1058 3424 Schmitz

37 3439 65 3496 ἐκ
83 3464 138 3499 του
179 3440 296 3499 κεῖνεά
318 3463 340 3500 τ.
358 3446 462 3500 Βείελεο
488 3448 492 3514 Ι
517 3439 574 3500 ν’τδ
594 3444 617 3498 Β
636 3443 677 3508 είς
695 3447 721 3498 R
793 3451 827 3498 22
846 3461 876 3497 τε
896 3437 934 3504 ὡς
953 3441 1057 3496 Βιοίελεο

36 3513 102 3578 τέως
121 3516 147 3570 Ο
222 3521 258 3570 24
277 3511 393 3586 ὀρόφων
411 3517 437 3570 Α
