2404 3918
522 217 689 268 -Γ-
1046 215 1111 280 391

94 373 192 454 λέξας
214 369 344 459 άνδρας
366 370 485 443 ἑκατὸν
508 373 543 455 ἐξ
565 370 724 444 ἁπάντων
746 376 816 443 τῶν
836 378 1037 463 δημοτικῶν,
1061 370 1113 457 οἷς

93 477 219 566 άρετήν
242 505 319 548 τινα
337 478 521 568 πολεμικὴν
543 476 564 568 ἢ
584 480 759 568 πολιτικὴν
777 480 948 570 φρόνησιν
968 479 1112 564 ἅπαντες

94 585 320 675 ἐμαρτύρουν,
342 592 538 674 πατρικίους
556 590 690 676 ἐποίησε
707 589 763 657 καὶ
780 590 956 670 κατέταξεν
979 593 1027 670 είς
1048 587 1111 660 τὸν

92 697 164 762 τῶν
192 698 387 779 βουλευτῶν
415 691 581 782 άριθμόν,
607 695 663 763 καὶ
691 695 766 764 τότε
794 698 929 783 πρῶτον
952 696 1110 781 ἐγένοντο

87 797 266 889 Ῥωμαίοις
288 800 476 890 τριακόσιοι
498 802 679 888 βουλευταί
703 804 787 883 τέως
813 801 909 882 ὄντες
932 802 1138 872 διακόσιοιε

94 912 208 977 ἔπειτα
234 922 307 988 ταῖς
335 912 439 998 ἱεραῖς
469 910 670 994 παρθένοις,
701 905 761 996 ὑφ’
793 900 842 977 ῶν
872 907 912 978 τό
944 907 1151 996 άσβεστον2

94 1014 296 1100 φυλάττεται
319 1020 402 1102 πῦρ,
424 1017 598 1103 τέτταρσιν
622 1013 741 1096 οὔσαις
764 1015 827 1085 δύο
849 1019 1110 1105 προσκατέλεξεν

34 1121 226 1210 σεοὲτίρας·
258 1121 426 1192 πλειόνων
451 1121 516 1210 γάρ
548 1121 614 1211 ἤδη
647 1124 926 1210 συντελουμένων
957 1119 1023 1192 ῦπδ
1051 1126 1111 1212 τῆς

93 1226 223 1308 πόλεως
245 1232 459 1318 ἱερουργιῶν,
483 1223 536 1308 αἱς
559 1232 628 1298 ἔδει
649 1226 709 1309 τάς
730 1233 788 1317 τῆς
805 1226 937 1310 Ἑστίας
953 1243 1110 1318 παρεῖναι

95 1333 308 1420 θυηπόλους,
337 1332 399 1402 οῦκ
430 1333 574 1404 ἐδόκουν
606 1338 646 1404 αἱ
672 1337 823 1423 τέτταρες
850 1332 975 1421 άρκεῖν.
1025 1344 1109 1424 Ταρ-
1124 1363 1151 1404 ιο

94 1446 217 1511 κυνίου
245 1441 284 1510 δέ
310 1440 474 1527 άρξαντος
499 1439 717 1529 ἠκολούθουν
751 1445 786 1510 οἱ
811 1443 924 1511 λοιποί
949 1448 1110 1530 βασιλεῖς,

92 1549 150 1616 καὶ
178 1550 274 1638 μέχρι
301 1552 369 1618 τῶν
400 1546 479 1616 καθ’
505 1545 593 1636 ἡμᾶς
619 1548 755 1636 χρόνων
787 1551 820 1632 ἓξ
848 1546 1110 1618 ἀποδείκνυνται

92 1659 154 1743 τῆς
166 1653 298 1736 Ἑστίας
315 1654 510 1744 άμφίπολοι.
550 1659 645 1725 δοκεῖ
661 1655 698 1726 δὲ
715 1657 773 1725 καί
790 1656 850 1736 τὰς
866 1661 1037 1745 τιμωρίας,
1055 1650 1109 1737 αἱς
1127 1659 1148 1724 3

92 1761 292 1843 κολάζονται
323 1760 408 1851 πρὸς
438 1765 508 1832 τῶν
541 1766 753 1850 ἱεροφαντῶν
780 1765 819 1829 αἱ
843 1761 888 1850 μὴ
920 1762 1109 1850 φυλάττου·

94 1888 152 1937 σαι
187 1866 251 1956 τὴν
286 1873 493 1957 παρθενίαν,
530 1870 658 1948 ἐκεῖνος
694 1870 841 1956 ἐξευρεῖν
877 1873 1009 1957 πρῶτος
1044 1876 1109 1937 είτε
1123 1887 1150 1929 1⁶

92 1972 177 2044 κατά
204 1974 368 2063 λογισμὸν
396 1985 461 2045 είτε
491 1973 536 2056 ῶς
568 1980 702 2044 οίονταί
726 2003 816 2056 τινες
843 1972 964 2066 ὀνείρῳ
991 1974 1110 2044 πευθό-

93 2108 210 2170 μενος,
233 2078 274 2164 fig
300 2081 381 2171 μετὰ
408 2081 470 2171 τὴν
494 2085 627 2152 ἐκείνου
648 2080 806 2170 τελευτὴν
829 2084 867 2152 ἐν
889 2096 960 2162 τοῖς
982 2087 1109 2169 Σιβυλ-

92 2194 199 2270 λείοις
229 2187 413 2278 εῦρεθῇναι
450 2204 612 2278 χρησμοῖς
647 2192 683 2257 οἱ
715 2193 784 2258 τῶν
821 2191 922 2277 ἱερῶν
954 2190 1109 2277 ἐξηγηταὶ

92 2297 266 2383 λέγουσιν·
290 2298 454 2386 ἐφωράθη
477 2296 542 2383 γάρ
560 2323 611 2376 τις
633 2297 686 2364 ἐπὶ
706 2300 766 2383 τῆς
788 2297 920 2364 ἐκείνου
937 2301 1110 2383 βασιλείας

93 2406 199 2493 ἱίρεια
213 2409 364 2493 Πιναρία
378 2410 535 2474 Ποπλίου
552 2402 708 2491 θυγάτηρ
733 2402 795 2490 οὐχ
812 2400 899 2490 άγνὴ
917 2405 1108 2492 προσιοῦσα
1122 2429 1150 2470 ει

91 2525 165 2591 τοῖς
188 2515 299 2600 ἱεροῖς.
339 2510 463 2600 τρόπος
482 2510 519 2579 δὲ
540 2515 702 2600 τιμωρίας
725 2508 816 2590 ὅστις
835 2512 937 2596 ἐστίν,
960 2501 987 2602 ᾧ
1010 2509 1109 2578 κολά-

93 2625 188 2700 ζουσι
215 2616 275 2699 τὰς
301 2622 563 2706 διαφθαρείσας,
591 2620 629 2687 ἐν
655 2621 696 2706 τῇ
723 2615 788 2705 πρὸ
816 2615 938 2703 ταύτης
961 2615 1109 2703 δεδήλω-

92 2731 152 2794 ταί
171 2752 229 2814 μοι
252 2729 375 2816 γραφῇ.
419 2724 482 2813 τήν
509 2751 545 2794 τε
571 2723 718 2813 άγοράν,
746 2725 783 2792 ἐν
810 2715 832 2813 ᾗ
856 2723 1029 2805 δικάζουσι
1051 2719 1149 2792 καὶ4

93 2832 346 2920 ἐκκλησιάζουσι
382 2833 438 2900 καὶ
477 2830 537 2912 τάς
572 2829 676 2911 άλλας
714 2828 885 2910 πολιτικάς
920 2832 1108 2898 ἐπιτελοῦσι

93 2939 227 3028 πράξεις
259 2941 386 3020 ἐκεῖνος
418 2936 604 3025 ἐκόσμησεν
636 2941 867 3027 ἐργαστηρίοις
898 2962 933 3004 τε
962 2936 1018 3004 καί
1047 2961 1107 3004 πα-
1121 2957 1148 3000 ιι

34 3047 195 3116 581στάσι
217 3044 425 3136 περιλαβῶν,
448 3047 504 3115 καί
530 3044 571 3116 τά
597 3050 688 3135 τείχη
715 3049 775 3131 τῆς
800 3043 928 3123 πόλεως
951 3041 1108 3131 αὐτοσχέ-

165 3283 181 3333 8
200 3273 275 3348 ῦπλρ
298 3295 321 3332 ο.
341 3278 475 3349 Sylburg‚
501 3277 577 3347 quod
599 3277 700 3348 probat
718 3275 824 3346 Kayser
846 3277 919 3330 Ann.
943 3274 1012 3344 phil.
1037 3280 1107 3331 1863

91 3356 156 3440 RH!
213 3356 246 3405 12
265 3345 369 3419 χρόνον
388 3345 611 3404 άποδείκνυνται
628 3345 662 3403 αἱ
672 3349 723 3416 τῆς
741 3346 921 3416 ΟρτεεῖθεΒ
977 3351 1010 3401 1⁷
1030 3340 1064 3410 ἃς
1082 3346 1108 3400 Α

92 3443 111 3476 α
131 3422 157 3477 R
175 3415 213 3484 ῶς
231 3419 638 3492 ο.Κὶεεε1ίτιςΙσιβυλλίοιςΔ
699 3425 735 3474 24
752 3413 897 3480 πολιτικάς
916 3412 1108 3472 ἐπιτελοῦσιΒ

93 3489 253 3548 ἐπιτελοῦσι
270 3512 299 3548 π.
318 3494 344 3548 Β
425 3499 459 3549 26
478 3491 526 3545 καὶ
544 3487 667 3546 παστάσι
685 3489 709 3544 Β
727 3491 777 3545 καί
794 3490 864 3545 πᾶσι
881 3490 907 3543 R
