2404 3918
175 216 241 281 364
595 247 631 258 -·
668 219 761 270 Γ-

174 378 279 444 τόττον
308 374 476 464 διαλαχὼν
505 381 564 463 τῆς
590 375 718 457 πόλεως
743 375 803 446 τὸν
836 374 1003 465 ὐρκούντα
1031 379 1082 446 καὶ
1109 385 1150 466 γῆς

174 482 337 571 λαμβάνει
359 486 494 570 κλῆρον.
539 485 609 552 ἐπεὶ
640 483 802 551 δὲταῦτα
827 483 1012 575 διῳκήσατο
1032 486 1150 554 καὶτῶν

176 587 287 659 ύστιόν
310 584 358 671 είς
375 589 538 677 ἐγεγόνει,
561 587 683 676 μαθεδν
705 587 759 658 ότι
777 587 949 678 Ῥωμαίων
969 590 1084 682 ἑκάστῳ
1103 619 1150 660 νοι-

176 696 240 766 νόν
262 694 291 765 τ’
313 695 421 784 ὄνομα
443 709 548 764 κείται
569 695 625 763 καὶ
648 693 730 783 μετὰ
751 697 789 764 τὸ
813 695 932 765 κοινὸν
955 698 1072 784 ἕτερον,
1093 695 1152 784 ὃδὴ

151 803 378 890 ισυγγενικὸν
406 801 521 882 αὐτοῖς
543 805 611 872 ἐστι
638 803 694 870 καὶ
721 802 994 891 πατρωνυμικόν,
1015 807 1153 892 ἐξομοιού-

176 917 260 977 σθαι
283 910 339 978 καὶ
361 908 443 978 κατὰ
465 913 565 978 τοῦτο
588 907 704 990 αὐτοῖς
725 909 932 998 βουλόμενος
955 910 1091 980 Λεύκιον
1110 911 1154 998 μὲν

177 1013 252 1084 ἀντὶ
267 1015 473 1104 Λοκόμωνος
491 1018 598 1108 ἑαυτῷ
617 1021 748 1085 τύθεται
770 1015 808 1085 τὸ
826 1016 947 1086 κοινὸν
965 1017 1077 1106 ὄνομα,
1093 1025 1153 1104 Ταρ

175 1121 297 1192 κύνιον
325 1120 363 1190 δὲ
389 1121 427 1190 τὸ
457 1119 656 1209 συγγενικὸν
680 1123 733 1191 ἐπὶ
760 1127 819 1210 τῆς
840 1124 970 1204 πόλεως
991 1126 1027 1192 ἐν
1047 1117 1067 1214 ᾗ
1087 1127 1153 1210 γενέ-

136 1228 157 1294 3
176 1228 260 1310 σεύς
276 1255 312 1298 τε
329 1228 386 1298 καὶ
403 1231 532 1316 τροφῆς
550 1233 657 1316 ἔτυχε·
680 1231 843 1315 βασιλέως
859 1255 895 1298 τε
915 1236 1014 1317 φίλος
1032 1232 1067 1299 ἐν
1082 1231 1153 1320 ὐλίγγ

136 1337 268 1405 1θιιοίνν
290 1335 402 1427 χρόνφ
421 1341 549 1420 γίνεται
569 1337 661 1421 δῶρα
685 1335 814 1419 διδούς,
838 1327 886 1403 οἷν
909 1335 1016 1405 αὐτὸν
1040 1337 1075 1404 ἐν
1091 1343 1151 1425 χρείη

176 1443 318 1531 μάλιστα
350 1440 533 1528 γινόμενον
564 1438 734 1530 ᾐσθάνετο
766 1443 822 1510 καὶ
854 1445 1006 1532 χρήματα
1034 1445 1147 1531 παρέχοι

176 1553 224 1629 είς
255 1547 314 1628 τὰς
344 1545 523 1636 πολεμικὰς
556 1554 667 1636 χρείας
698 1546 789 1617 ὅσων
821 1551 944 1637 ἐδεῖτο,
977 1552 1014 1619 ἐν
1049 1551 1086 1619 δὲ
1105 1563 1144 1626 τοις

176 1660 362 1742 στρατείαις
393 1652 551 1724 ἁπάντων
583 1654 742 1743 κράτιστα
773 1659 879 1738 πεζῶν
911 1683 946 1725 τε
974 1659 1032 1726 καί
1063 1660 1149 1726 ίτιιὲοι

176 1760 423 1850 ἀγωνιζόμενος
451 1761 587 1849 γνύμης
617 1787 653 1830 τε
686 1759 772 1830 ὅπου
804 1762 954 1850 δεήσειεν
987 1761 1113 1852 ἀγαθῆς
1135 1765 1152 1830 ἐι

136 1892 162 1933 ιο
175 1885 247 1951 τοϊς
272 1868 365 1939 ιτύνν
392 1875 572 1957 φρονίμοις
598 1871 667 1940 τῶν
694 1869 897 1956 συμβούλων
922 1867 1174 1959 ἀριθμούμενος*

135 1975 158 2038 4
176 1976 359 2065 γενόμενος
382 1974 419 2044 δὲ
441 1973 531 2063 παρὰ
553 1978 599 2067 τῷ
622 1981 755 2062 βασιλεῖ
774 1981 882 2064 τίμιος
901 1975 981 2046 οὐδὲ
999 1983 1059 2066 τῆς
1076 1977 1154 2046 ἄλλοι

172 2081 345 2172 Ῥωμαίων
377 2083 513 2162 εὐνοίας
544 2080 740 2169 διήμαρτεν,
770 2079 856 2150 ἀλλὰ
886 2083 942 2150 καὶ
973 2089 1043 2153 τῶν
1074 2109 1155 2172 καιρι-

175 2195 259 2259 κίων
281 2187 427 2269 πολλοὺς
448 2203 520 2268 ταῖς
543 2185 748 2274 εὐεργεσίαις
776 2185 964 2276 ὑκηγάγετο
987 2193 1045 2260 καί
1067 2194 1101 2262 τὸ
1122 2196 1154 2274 δη

176 2296 315 2384 μοτικὸν
347 2300 478 2383 πλῆθος
512 2299 642 2375 οίκείως
674 2300 760 2382 ἔχειν
798 2296 902 2387 ἑαυτῷ
938 2299 1154 2386 παρεσκεύασεν

136 2425 162 2466 ιο
176 2401 443 2492 εὐπροσηγόροις
473 2413 509 2471 τε
536 2400 722 2489 ἀσκασμοις
748 2403 804 2470 καὶ
835 2403 1140 2491 κεχαρισμέναις
1112 2429 1154 2473 ο

175 2517 264 2591 λίαις
285 2511 341 2578 καὶ
369 2509 548 2597 χρημάτων
575 2508 751 2629 μεταδόσει
779 2509 836 2577 καὶ
860 2524 933 2590 ταις
954 2509 1070 2592 διλλαις
1090 2519 1155 2600 φιλο

176 2616 374 2705 φροσύναις.

264 2725 495 2792 XXXXVIIII.
531 2725 692 2802 Τοιοῦτος
718 2721 780 2810 μὲν
809 2724 850 2811 δή
877 2751 928 2804 τις
955 2723 973 2794 ὁ
1002 2725 1154 2815 Ταρκύνιος

174 2824 218 2918 ἦν
241 2830 297 2898 καί
317 2828 375 2897 διὰ
392 2829 513 2910 ταύτας
530 2827 589 2909 τδις
607 2833 715 2910 αίτίας
734 2830 857 2912 ζῶντός
873 2858 909 2900 τε
927 2839 1084 2918 Μαρκίου
1099 2830 1152 2902 τίν·

135 2967 161 3008 ιο
175 2963 243 3006 των
281 2937 412 3021 ἐγένετο
445 2931 619 3022 Ῥωμαίων
656 2937 915 3022 ἐπιφανέστατος
945 2939 1001 3005 καὶ
1037 2932 1151 3018 τελευτή·

245 3127 308 3186 41'
327 3123 559 3200 δνομαΒτόό
578 3125 695 3186 Ruo’.
720 3131 864 3186 effleiske
936 3126 1149 3188 6κιιίΒοει.ὐ

174 3199 307 3275 ’ίὲαυτῷ
330 3203 353 3256 Β
377 3219 431 3258 om
455 3202 481 3257 R
571 3208 605 3256 10
628 3197 717 3257 αὐτὸν
743 3205 809 3271 post
835 3197 954 3272 μάλιστα
981 3203 1004 3258 0
1027 3196 1148 3274 οτιιίιτύ

175 3282 206 3330 11
231 3258 376 3361 χ’σθοίνετο
399 3273 423 3326 Β
449 3269 556 3344 ᾔσθετο
579 3273 605 3326 R
682 3279 714 3327 13
738 3277 895 3341 στρατείαις
918 3274 940 3327 Β
950 3282 1100 3345 στρατιαῖς
1090 3267 1146 3336 ςλλ

173 3295 313 3400 *πόντων
337 3344 360 3397 Ο
453 3348 486 3396 16
509 3342 584 3427 *τῆς
605 3338 689 3411 ἄλλης
713 3343 735 3398 Ο
763 3345 814 3413 τῆς
835 3344 892 3399 τῶν
914 3321 1006 3399 ἄλλων
1029 3363 1051 3401 ο.
1072 3345 1130 3409 Ρδος
1130 3338 1146 3401 k

173 3414 310 3468 ΒδολιθΙετ
388 3418 422 3466 21
447 3409 614 3480 μεταδόσεσι
638 3430 660 3466 ο.
680 3413 782 3468 Reiske
859 3419 893 3468 25
920 3358 1145 3484 ἐπιφανέστατοίΒ

174 3482 417 3550 περιφανέστατος
435 3483 460 3536 R
