2396 3918
470 215 635 268 -Β-
995 213 1060 282 165

58 373 201 461 διώριζεν
223 371 289 443 ἀπὸ
310 377 380 443 τῶν
403 371 544 468 ἀσήμων
565 375 623 443 καδ
640 378 809 443 ταπεινῶν
832 375 887 444 καὶ
911 372 1059 462 ἀπόρων.
1100 371 1156 461 ,ᾖ

15 479 159 552 εειέκάλει
183 480 219 549 δέ
240 479 321 562 τοὺς
342 481 405 569 μὲν
428 483 466 551 έν
491 485 531 571 τῇ
554 483 796 572 καταδεεστέρᾳ
817 481 902 571 τύχη
924 473 1059 570 πληβεί-
1097 473 1163 514 “”“’””

56 613 116 673 ους,
135 585 179 669 ῶς
196 587 228 655 δ’
246 583 290 658 ἀν
302 586 463 675 Ἕλληνες
481 597 608 657 εἴποιεν
628 588 843 678 δημοτικούς·
869 586 949 668 τοὺς
967 587 999 656 δ’
1021 591 1058 658 ἐν

54 697 88 781 τῇ
107 701 271 783 κρείττονι
297 696 442 780 πατέρας
468 704 534 764 είτε
565 694 622 766 διά
653 694 692 765 τδ
718 695 918 784 πρεσβεύειν
946 693 1059 786 ἡλικίη

54 804 112 868 τῶν
133 801 257 888 ἄλλων,
283 800 349 870 εἴθ’
372 799 424 871 ότι
442 805 559 882 παῖδες
577 800 693 882 αύτοίς
714 794 814 890 ἦσαν,
837 811 902 872 εἴτε
922 799 1058 889 διδατὴν
1086 828 1099 869 ε

56 905 243 993 ἐπιφάνειαν
266 911 330 977 τού
353 909 486 993 γένους,
510 915 575 976 είτε
599 904 656 974 διδι
674 906 784 976 πάντα
806 912 923 977 ταῦτα·
946 910 983 977 έκ
1000 912 1059 996 τῆς

53 1011 232 1100 Ἀθηναίων
265 1019 448 1099 πολιτείας,
481 1011 527 1094 ῶς
557 1013 602 1083 ἀν
632 1041 684 1095 τις
710 1013 867 1100 είκάσειε,
898 1018 957 1102 τῆς
984 1012 1055 1083 κατ’

58 1121 171 1189 ἐκεῖνον
198 1118 261 1189 τδν
290 1119 417 1208 χρόνον
445 1126 493 1190 ἔτι
523 1120 750 1209 διαμενούσης
778 1118 817 1190 τὸ
847 1119 1059 1210 παράδειγμα

58 1225 162 1312 λαβύν.
210 1229 335 1296 ἐκεῖνοι
363 1227 426 1314 μδν
454 1227 518 1315 γὰρ
547 1232 595 1308 είς
623 1226 686 1296 δύο
714 1228 798 1315 μέρη
826 1234 1000 1315 νείμαντες
1021 1220 1099 1298 τδῖ

55 1338 171 1421 πλῆθος
201 1333 404 1421 εὐπατρίδας
440 1333 502 1422 μὲν
535 1331 679 1404 ἐκάλουν
711 1332 792 1414 τοὺς
822 1336 858 1402 έκ
889 1337 958 1403 τῶν
991 1335 1059 1404 ἐπι·
1073 1362 1100 1403 ιο

54 1444 161 1526 φανῶν
186 1450 291 1511 οίκων
308 1441 365 1510 καὶ
383 1440 530 1529 χρήμασι
549 1441 728 1528 δυνατούς,
748 1435 799 1521 οἷς
817 1437 837 1529 ἡ
856 1445 915 1528 τῆς
932 1441 1061 1522 πόλεως

53 1544 191 1619 ἀνέκειτο
220 1553 424 1638 προστασία,
452 1547 634 1636 ἀγροίκους
657 1548 695 1618 δὲ
717 1547 797 1628 τοὺς
818 1546 944 1630 ἀλλους
966 1555 1059 1618 πολί-
1156 1545 1157 1551 ¹

52 1681 109 1741 τας,
133 1661 168 1724 οδ
187 1659 259 1725 τῶν
280 1659 408 1724 κοινῶν
433 1653 574 1737 οὐδενὸς
596 1648 685 1744 ἦσαν
709 1655 836 1743 κύριοι·
859 1653 923 1724 σὺν
946 1654 1059 1747 χρόνῳ

53 1754 264 1835 δέκαδοῶτοι
277 1762 568 1852 προσελήφθησαν
588 1764 642 1833 ἐπὶ
660 1761 720 1844 τάς
738 1761 850 1852 ἀρχάς.
884 1766 919 1832 οί
935 1761 997 1851 μέν
1017 1762 1059 1849 δὴ
1074 1763 1095 1828 3

51 1865 85 1935 ιδ
102 1868 322 1938 πιθανώτατα
339 1871 416 1957 περὶ
433 1873 494 1958 τῆς
506 1866 680 1958 Ῥωμαίων
698 1875 867 1950 πολιτείας
886 1873 1059 1957 ίστοροῦν-
1074 1895 1099 1936 1⁵

51 2001 96 2055 τες
117 1974 173 2044 διδι
195 1975 319 2056 ταύτας
336 1975 397 2057 τδις
413 1982 523 2057 αίτίας
538 1980 714 2064 κληθῆναί
728 1996 812 2064 φασι
834 1973 914 2055 τοὺς
931 1973 1061 2064 ἀνδρας

52 2083 191 2164 ἐκείνους
223 2085 368 2174 πατέρας
398 2085 455 2154 καὶ
485 2081 566 2163 τοὺς
603 2082 764 2169 ἐκγόνους
795 2081 908 2152 αὐτῶν
944 2105 1060 2170 πατρι-

51 2193 150 2276 κίους,
182 2194 218 2259 οί
241 2190 278 2259 δὲ
301 2189 387 2279 πρὸς
407 2188 468 2260 τὸν
493 2194 584 2260 ίδιον
607 2190 746 2278 φθόνον
769 2188 999 2278 ἀναφέροντες
1020 2187 1058 2258 τὸ

14 2300 181 2384 δδπρᾶγμα
211 2298 268 2366 καλ
296 2295 537 2384 διαβάλλοντες
564 2302 612 2378 είς
639 2299 840 2384 δυσγένειαν
867 2294 929 2384 τὴν
958 2295 1059 2365 πόλιν

51 2399 86 2469 ού
111 2402 167 2472 διὰ
199 2408 305 2473 ταῦτα
332 2409 529 2493 πατρικίους
561 2407 711 2486 ἐκείνους
741 2407 917 2491 κληθῆναί
942 2421 1059 2490 φασιν,
1073 2430 1100 2470 εο

51 2505 114 2577 ἀλλ’
140 2508 193 2580 ὅτι
215 2512 360 2598 πατέρας
389 2508 482 2598 εἶχον
512 2509 686 2592 ἀποδεῖξαι
714 2509 830 2598 μόνοι,
859 2506 905 2590 ῶς
930 2513 998 2578 τῶν
1020 2533 1059 2594 γε

51 2612 152 2686 ἀλλων
182 2621 358 2706 δραπετῶν
388 2615 499 2687 όντων
527 2617 584 2686 καὶ
617 2614 678 2686 ούκ
711 2616 859 2704 ἐχόντων
893 2614 1059 2704 ὀνομάσαι

51 2727 182 2812 πατέρας
211 2727 425 2814 ἐλευθέρους.
474 2723 655 2813 τεκμήριον
684 2723 722 2792 δέ
751 2722 874 2793 τούτου
896 2725 1100 2811 παρέχου-4

52 2847 108 2916 σιν,
130 2829 184 2902 ότι
207 2831 287 2913 τοὺς
306 2831 368 2920 μὲν
390 2837 598 2920 πατρικίους,
623 2829 722 2901 ὁπότε
741 2830 849 2912 δόξειε
871 2843 942 2910 τοῖς
964 2835 1060 2917 βασι-

53 2939 134 3005 λεύοι
157 2945 356 3024 συγκαλεῖν,
385 2941 420 3006 οί
441 2938 584 3027 κήρυκες
607 2939 640 3018 ἐξ
668 2935 835 3024 ὀνόματός
861 2963 897 3004 τε
919 2939 975 3004 καλ
997 2961 1058 3006 πα-
1072 2972 1098 3014 25

52 3043 165 3128 ιρόδεν
198 3043 430 3132 ἀνηγόρευον,
467 3042 546 3124 τοὺς
584 3044 622 3112 δὲ
658 3040 859 3131 δημοτικοὺς
895 3039 1059 3131 ὑπηρέται

54 3149 130 3229 τινὲς
156 3148 312 3237 ἀθρόους
337 3153 456 3239 κέρασι
482 3155 609 3238 βοείοις
636 3152 890 3238 ἐμβυκανῶντες
919 3150 972 3218 έπδ
1000 3147 1059 3228 τὰς

113 3346 326 3472 λπληέίουςΒ
392 3352 426 3400 14
443 3345 494 3400 καλ
512 3345 609 3402 om.B
672 3351 707 3400 20
726 3342 864 3414 *φασιΟ
928 3347 962 3397 2⁷
981 3362 1057 3404 τινες

55 3407 147 3498 ἀθρόοι
165 3417 190 3470 A
201 3459 228 3543 Β,
248 3434 319 3472 corr.
337 3417 441 3473 Reiske
467 3412 595 3487 ἀθρόους
612 3415 664 3471 καὶ
681 3416 781 3486 κέρατι
798 3413 936 3470 Biioheler
952 3417 956 3482 Ι
974 3410 1057 3487 ἐκβυ-

57 3503 184 3550 κανωντες
