2396 3918
444 192 612 246 -A-
994 191 1037 256 97

54 357 152 442 λέγεται
181 356 342 442 γενέσθαι
372 357 440 423 τῶν
476 354 744 442 συμβησομένων
776 357 816 444 τῇ
846 353 952 440 πόλει,
980 355 1036 423 καί

26 467 119 531 ιιιίσιιν
135 460 245 530 αὐτῶν
264 473 409 549 μνημεῖα
431 462 469 530 ἐν
486 463 527 550 τῇ
546 465 784 530 Λαουϊνιατῶν
803 459 912 552 άγορᾷ
934 464 1038 548 χαλκά

54 572 148 636 ιίόωλα
178 571 246 637 τῶν
282 567 377 660 ζῴων
407 569 443 636 ἐκ
473 570 602 636 πολλοῦ
636 566 727 636 πάνυ
766 566 894 653 χρόνου
927 571 1040 655 διατη-

53 674 181 762 ροόμενα.

114 783 180 849 Lx.
199 779 333 868 Ἐπειδὴ
349 781 387 849 δὲ
400 779 653 868 κατεσκευάσθη
665 794 735 860 τοῖς
749 780 881 868 Τρωσὶν
898 777 1039 868 ἡπόλις,
1054 797 1067 840 ⁵

53 890 188 975 ἐπιθυμία
218 887 347 970 πάντας
378 898 472 975 ίσχεν
510 886 632 977 ἰσχυρά
668 891 730 958 τοῦ
766 886 844 974 παρ’
885 886 1040 976 άλλήλωυ

54 993 213 1063 ἀπολαῦσαι
242 1003 430 1085 χρησίμου,
457 996 514 1063 καὶ
542 998 577 1063 οί
601 1000 752 1081 βασιλεῖς
780 992 892 1062 αὐτόν
915 999 1042 1084 πρῶτοι

56 1100 167 1188 ἄρχουσι
189 1104 345 1190 μίξαντες
365 1106 428 1172 τοῦ
449 1128 486 1171 τε
510 1104 691 1191 ἐπιχωρίου
713 1102 770 1170 καὶ
792 1104 854 1171 τοῦ
878 1101 1043 1189 ἐπήλυδος

53 1211 145 1293 γόνους
171 1207 235 1296 τὴν
265 1206 405 1291 άξίωσιν
435 1210 489 1277 ἐπὶ
518 1215 744 1295 συναλλαγαῖς
765 1206 892 1294 γάμου,
924 1209 1044 1292 δόντος

50 1321 178 1384 λατίνου
199 1313 263 1402 τὴν
276 1317 452 1402 θυγατέρα
465 1318 608 1384 Λαῦναν
623 1319 744 1404 Αίνείμ
757 1326 909 1400 γυναῖκα.
933 1321 1044 1386 ἔπειτα
1059 1290 1085 1417 Ξ,

47 1425 85 1492 καί
117 1427 150 1492 οί
180 1421 278 1491 άλλοι
309 1421 372 1510 τὴν
402 1420 509 1509 αὐτὴν
538 1435 610 1502 τοῖς
632 1425 830 1508 βασιλεῦσιν
860 1423 1044 1512 ἐπιθυμίαν

47 1530 188 1618 λαβόντες
216 1531 273 1599 καὶ
304 1528 350 1598 δι’
383 1527 502 1617 όληιου
530 1528 622 1597 πάνυ
649 1527 778 1617 χρόνου
805 1532 1046 1620 συνενεγκάμε-

45 1665 84 1706 νοι
108 1643 170 1724 ἔθη
193 1639 250 1706 καὶ
273 1636 401 1724 νόμους
423 1637 480 1705 καὶ
503 1638 596 1704 θεῶν
621 1633 705 1725 ἱερά,
728 1638 865 1722 κηδείας
886 1663 921 1705 τε
944 1640 1047 1708 συνά-

44 1759 152 1826 ψαντες
183 1742 343 1831 ἀλλήλοις
374 1744 431 1812 καὶ
465 1747 663 1823 κοινωνίαις
698 1745 854 1832 πολέμων
886 1743 1047 1837 άνακερά-

43 1855 183 1938 σθέντες,
218 1854 254 1918 οί
283 1849 473 1938 σύμπαντες
504 1853 603 1937 κοινῇ
631 1847 798 1940 ὀνομασίᾳ
820 1855 1047 1944 προσαγορεό-
1063 1882 1089 1923 15

43 1985 123 2039 οντες
160 1955 301 2038 ἑαυτοὺς
337 1955 402 2025 άπὸ
439 1960 501 2026 τοῦ
533 1957 699 2043 βασιλέως
728 1960 797 2025 τῶν
827 1956 1047 2048 Ἀβοριγίνωυ

42 2073 217 2151 λατίνους,
249 2062 337 2133 οὕτω
367 2067 511 2150 βεβαίως
543 2068 680 2150 ἔμειναν
703 2065 757 2132 ἐπὶ
784 2079 855 2145 τοῖς
877 2069 1048 2156 συγκειμὲ-

41 2199 117 2261 νοις,
152 2169 231 2242 ὥστ’
268 2168 382 2250 οὐθεὶς
412 2167 535 2248 αὐτοὺς
568 2174 616 2237 ἔτι
647 2169 771 2264 χρόνος
802 2169 859 2239 ἀπ’
892 2171 1048 2262 άλλήλων

42 2283 193 2368 διέστησε.
1064 2281 1085 2346 3

98 2386 148 2456 Τά
173 2385 236 2474 μὲν
260 2383 303 2471 δὴ
318 2384 531 2453 συνελθόντα
546 2389 632 2471 ἔθνη
651 2385 707 2454 καὶ
720 2386 957 2474 κοινωσάμενα
970 2385 1050 2467 τοὺς
1064 2414 1090 2452 εο

41 2499 140 2581 βίους,
174 2497 208 2576 ἐξ
240 2484 289 2561 τόν
319 2489 357 2560 τὸ
383 2489 557 2579 Ῥωμαίων
585 2493 685 2578 γένος
713 2490 877 2581 ὥρμηται,
904 2495 984 2584 πρὶν
1006 2492 1051 2582 ἣν

41 2605 93 2669 νῦν
113 2607 256 2689 ἔχουσιν
272 2601 468 2685 οἰκισθῆναι
482 2597 595 2685 πόλιν,
608 2597 713 2666 ταῦτά
727 2601 833 2667 ἐστιν·
849 2597 1053 2690 Ἀβοριγῖνες

21 2708 94 2792 θμὲν
117 2711 271 2797 πρῶτον,
295 2711 332 2773 οἳ
347 2703 512 2786 Σικελοὺς
531 2707 755 2792 ἐξανέστησαν
779 2709 814 2775 ἐκ
836 2707 966 2778 τούτων
984 2714 1053 2778 τῶν

40 2820 178 2902 χωρίων,
192 2811 357 2898 Ἕλληνες
379 2809 474 2890 ὄντες
498 2808 538 2879 τὸ
560 2809 702 2898 άρχαίον
727 2815 762 2880 ἐκ
785 2814 1054 2902 Πελοποννήσου

99 2971 274 3044 maiam
297 2971 320 3026 0
402 2977 418 3026 ὅ
442 2965 652 3026 κατεσκεύαστο
675 2988 698 3027 ο.
717 2971 861 3044 Kiessling
942 2977 1055 3047 6ίσχεν

41 3041 129 3116 ίσχυρά
151 3046 202 3100 Bb
232 3037 332 3114 ἰσχυρά
351 3043 397 3098 Βει
421 3044 492 3113 ἴσχει
506 3043 532 3095 A
553 3044 556 3110 Ι
579 3040 660 3112 ἔσχεν
678 3063 729 3098 του
747 3045 863 3117 Madvig
881 3048 952 3102 Adv.
971 3048 985 3102 I
1004 3055 1055 3103 ‘125

68 3123 99 3170 10
122 3113 240 3172 λαόναν
259 3115 336 3169 ABa
362 3115 511 3168 λαουινίαν
528 3114 577 3168 Bb
655 3119 687 3168 11
709 3109 867 3188 ἐπιθυμίαν
895 3125 954 3180 τοῖς
977 3120 1053 3190 βασι-

41 3185 107 3242 λεῦσι
121 3189 147 3242 Β
216 3193 249 3242 12
270 3181 508 3255 συνενεγκάμενοι
527 3185 549 3238 Β
568 3182 837 3257 συνδιενεγκάμενοι
850 3190 876 3242 R
934 3194 967 3242 13
988 3187 1056 3258 ἔθη-

42 3275 85 3310 καν
104 3259 162 3314 ΑΒ
190 3260 194 3326 Ι
219 3277 250 3313 τε
271 3257 334 3312 add.
355 3255 505 3325 Kiessling‚
530 3254 627 3312 om.O
710 3263 744 3311 14
763 3261 925 3322 κοινωνίαις
947 3259 970 3312 Β
998 3279 1056 3315 κοι·

42 3331 137 3392 κονίας
156 3331 185 3385 R
200 3333 204 3399 Ι
221 3327 354 3400 πολέμων
371 3328 418 3383 Bb
436 3322 546 3382 πόλεων
565 3328 611 3381 Βο
628 3322 738 3390 πόλεως
755 3329 781 3383 Α
836 3335 868 3384 15
888 3329 918 3384 οί
935 3329 1057 3385 Εἰολεοὶε

42 3395 93 3456 Em.
110 3401 247 3456 Dion.·11
265 3405 327 3470 μῦ
355 3419 384 3454 τε
404 3396 473 3453 oto
500 3398 582 3470 κοινῇ
602 3399 781 3455 e.B1‘icheler
805 3403 809 3468 Ι
834 3402 916 3472 κοινῇ
936 3400 1059 3456 Sintenis

44 3465 89 3525 λλ
111 3473 166 3526 καὶ
189 3474 215 3528 R
238 3471 335 3527 om.B
409 3476 442 3525 16
461 3465 567 3532 αότοός
585 3470 611 3523 Α
683 3476 715 3524 21
736 3465 887 3540 ὦρμητοΒ

88 3577 191 3623 Dmm
205 3581 273 3621 flu..
285 3579 305 3620 1.
319 3589 358 3620 ιο.
372 3579 473 3620 Jmont.
881 3564 896 3610 7
