2412 3912
74 209 178 310 ,ει
560 213 726 265 -A-

69 353 71 360 ¹
134 369 368 457 κρατήσαντες,
392 367 506 450 πόλεις
523 397 558 438 τε
576 369 701 450 πολλάς
723 370 786 459 μέν
808 368 1069 458 παραλαβόντες,
1091 367 1141 436 άλ-

135 486 195 558 λας
223 475 258 543 δ’
289 475 385 545 αύτοὶ
412 458 737 563 κατασκευάσαντες,
761 478 909 564 μεγάλην
933 477 989 544 καὶ
1016 489 1142 563 ταχείαν

136 583 288 651 ἐπίδοσιν
317 589 439 670 έλαβον
468 589 516 664 είς
543 583 727 672 εὐανδρίαν
755 585 811 652 καὶ
834 587 983 652 πλούτου
1011 579 1120 650 καὶ
1088 607 1143 668 την

133 689 242 777 άλλην
267 689 445 778 εύτυχίαν,
473 682 513 778 ής
536 689 577 760 ού
604 689 713 759 πολύν
737 689 869 758 ὤναντο
898 688 1042 777 χρόνον·
1074 685 1142 755 ἀλλ’

108 795 235 884 σήνίκα
258 797 401 885 μάλιστα
424 811 495 876 τοῖς
518 797 688 885 σύμπασιν
710 795 833 866 άνθεῑν
858 795 1013 882 ἐδόκουν,
1037 799 1146 882 δαιμο-

134 910 222 984 νίοις
243 906 311 973 τισὶ
325 905 439 992 χόλοις
457 907 718 992 ἐλαστρηθέντες
737 908 773 972 οἱ
788 903 851 993 μέν
872 901 940 972 ὑπὸ
953 906 1023 971 τόν
1046 906 1147 970 θείων

135 1015 342 1098 συμφοράν,
372 1015 408 1079 οί
429 1011 467 1079 δὲ
489 1010 556 1080 ὑπὸ
578 1016 647 1080 τῶν
670 1009 946 1099 προσοικούντων
968 1007 1147 1096 βαρβάρων
1162 1023 1185 1071 60

136 1117 390 1205 ἐξεφθάρησαν,
419 1117 457 1187 τὸ
487 1117 524 1186 δὲ
539 1126 714 1187 ’πλεῖστον
744 1115 856 1185 αὐτῶν
886 1119 987 1204 μέρος
1014 1121 1064 1196 εἰς
1092 1113 1147 1200 τήν

130 1222 276 1292 Ἑλλάδα
298 1225 354 1292 καὶ
376 1223 438 1311 τήν
461 1223 635 1313 βάρβαρον
657 1217 760 1304 αὖθις
782 1223 971 1308 ἐσκεδάσθη
996 1222 1088 1312 (περὶ
1106 1211 1149 1288 ὧν

95 1351 121 1390 1⁰
136 1328 241 1410 πολύς
264 1326 308 1399 ἂν
332 1340 382 1418 είη
407 1331 518 1418 λόγος,
542 1336 573 1399 εἰ
593 1337 783 1419 βουλοίμην
800 1328 862 1418 τήν
880 1326 1057 1417 άκρίβειαυ
1076 1325 1149 1414 γρά-

136 1439 246 1527 φειν),
275 1436 394 1525 ὀλίγον
418 1437 455 1506 δὲ
478 1441 672 1526 κατέμεινεν
696 1441 733 1507 ἐν
758 1436 880 1527 Ἰταλίᾳ
902 1439 970 1504 τῶν
991 1433 1151 1525 Ἀβοριγί-

96 1547 208 1613 2νων
231 1551 384 1636 προνοίη.
421 1549 557 1632 πρῶτον
580 1545 643 1633 μέν
667 1536 731 1614 οὖν
753 1548 812 1631 τής
836 1547 1062 1629 οἰκοφθορίας
1084 1554 1151 1619 ταῖς

134 1651 274 1720 πόλεσιν
303 1652 412 1721 ἐδόκει
440 1650 556 1744 αὐχμῷ
580 1649 601 1738 ἡ
626 1657 667 1739 γῆ
696 1660 889 1720 κακωθεῖσα
912 1648 1026 1737 άρξαι,
1055 1645 1152 1735 ήνίκα

136 1756 211 1826 οὔτ’
247 1760 300 1826 ἐπὶ
331 1773 402 1838 τοῖς
425 1761 582 1844 δένδρεσι
604 1755 730 1845 καρπὸς
762 1755 874 1846 οὐδεὶς
906 1751 1031 1843 ὡραῖος
1064 1754 1154 1841 γενέ-

96 1885 121 1926 15
136 1872 219 1930 σθαι
252 1866 442 1951 διέμεινεν,
474 1862 553 1932 ἀλλ’
589 1861 674 1952 ὠμοὶ
705 1865 905 1950 κατέρρεον,
939 1857 1018 1929 οὔθ’
1046 1857 1154 1928 ὁπόσα

136 1969 334 2057 σπερμάτων
362 1968 485 2039 άνέντα
517 1968 683 2057 βλαστούς
712 1967 896 2055 άνθήσειεν
922 1969 983 2046 ἕως
1011 1967 1157 2055 στάχυος

134 2074 241 2163 άκμῆς
262 2074 341 2156 τοὺς
364 2074 447 2144 κατά
470 2075 579 2163 νόμον
604 2073 964 2164 ἐξεπλήρουχρόνους,
988 2071 1067 2142 ούτε
1092 2072 1156 2141 πόα

134 2181 291 2269 κτήνεσιν
324 2182 445 2269 ἐφύετο
479 2183 633 2270 διαρκής,
664 2186 733 2251 τῶν
762 2208 798 2249 τε
830 2179 989 2268 ναμάτων
1021 2179 1063 2249 τά
1096 2179 1157 2268 μὲν

136 2287 246 2358 ούκέτι
273 2294 435 2370 πίνεσθαι
459 2281 669 2357 σπουδαῖα
649 2317 710 2376 ην,
738 2287 778 2356 τά
807 2286 838 2355 δ’
863 2285 1076 2374 ὑπελίμπανε
1100 2287 1157 2355 θέ-

94 2383 298 2513 3ρους,
263 2423 304 2464 τα
329 2393 420 2463 δ’ί
389 2398 553 2475 είςτέλος
575 2392 813 2482 ἀπεσβέννυτο.
859 2389 989 2479 ἀδελφά
1014 2393 1050 2462 δὲ
1081 2392 1159 2462 τού-

134 2529 205 2581 τοις
231 2505 359 2588 ἐγίνετο
386 2508 466 2590 περί
488 2528 523 2570 τε
550 2501 730 2589 προβάτων
758 2501 814 2568 καὶ
837 2503 1009 2628 γυγαικῶν
1032 2499 1158 2585 γονάς·

134 2605 155 2696 ή
186 2608 250 2694 γάρ
284 2610 487 2695 ἐξημβλοῦτο
519 2607 560 2676 τά
594 2602 787 2695 ἔμβρυα,”
768 2605 895 2693 ηκατδι
925 2633 1004 2686 τους
1032 2605 1161 2685 τόκους

136 2721 348 2801 διεφθείρετο
373 2719 463 2783 ἐστιν
487 2711 508 2781 ά
531 2715 586 2782 καί
609 2712 668 2793 τάς
686 2712 856 2800 φερούσας
879 2711 1161 2801 συνδιαλυμηνά-
1180 2729 1199 2786 ολ

209 2917 223 2964 1
243 2905 340 2971 πόλεις
358 2927 387 2963 τε
407 2908 569 2980 παρέλαβον
587 2904 674 2972 αλλας
692 2910 715 2963 Β
743 2905 841 2971 πόλεις
857 2926 888 2963 τε
908 2907 1086 2980 προςέλαβον
1112 2901 1199 2963 ἄλ

137 2982 234 3050 λαςΑ,
254 2983 434 3035 correxerunt
452 2980 609 3034 Ambrosch
628 2983 656 3035 et
674 2980 812 3034 Bficheler
866 2985 882 3033 2
900 2985 1020 3064 ταχειαν
1038 2980 1091 3033 καλ
1113 2999 1199 3049 με·

138 3023 267 3138 γάληνΒ
340 3051 432 3106 θεῶν
455 3051 509 3105 del.
530 3050 619 3106 Cobet
642 3051 749 3120 Obsp
751 3056 812 3107 2.4
891 3056 925 3104 10
948 3045 1020 3117 πρός
1044 3050 1093 3105 vel
1120 3049 1199 3110 είς

137 3119 232 3192 τήνο.
252 3123 362 3178 Ritsehl
454 3127 485 3176 11
506 3116 602 3191 ὀλίγον
630 3121 663 3176 δέ
692 3139 779 3190 usque
806 3119 843 3175 αδ
871 3137 931 3208 cap.
957 3126 992 3174 24
1017 3121 1062 3174 fin.
1089 3115 1199 3174 hino

137 3193 256 3284 sumpsit
273 3193 410 3248 Eusebius
425 3209 519 3262 praep.
522 3209 629 3278 evang.
646 3193 694 3260 IV,
706 3200 739 3248 16
796 3197 829 3246 13
848 3187 951 3279 αύγμ
905 3192 1000 3262 μῶυΑ
1054 3197 1092 3245 14
1107 3187 1166 3278 ρύ-

138 3263 235 3328 δελς“
221 3284 273 3326 εως
292 3265 341 3319 τοῦ
363 3264 423 3334 (vel
442 3262 482 3324 εἰς
500 3259 582 3324 τό)
565 3284 612 3332 ωρ.
632 3281 655 3318 c.
679 3263 781 3318 Reiske
854 3267 887 3317 15
916 3258 983 3317 ούτε
1003 3263 1028 3316 A
1046 3257 1117 3316 ουτ’
1141 3263 1167 3316 Β
1198 3201 1199 3320 δ

137 3353 206 3391 corr.
225 3335 390 3390 Ambrosch.
465 3341 497 3388 1⁷
517 3284 690 3403 ἐξεπλήρουν
708 3334 761 3388 ΑΒ
781 3328 935 3402 ἐξεπλήρου
953 3333 1055 3389 Euseb.
1070 3329 1199 3389 codd

175 3411 208 3461 18
226 3404 358 3476 μλνΒ
360 3404 391 3461 ὲν
410 3400 492 3466 ωςΑ
556 3412 588 3459 19
607 3403 915 3476 <τέλ>οςΒθέροςΒ
986 3411 1020 3459 23
1039 3423 1093 3466 τας
1116 3425 1169 3459 τε-

138 3471 243 3539 κούσας
263 3478 342 3532 codd.
338 3427 446 3531 μωυΙλί
465 3475 580 3530 Eusebii
598 3476 671 3544 quod
691 3477 793 3545 probass
811 3474 972 3545 Stephanus
