2396 3918
565 212 728 265 -B-

140 372 297 440 τιωτιιιοῦ
328 367 412 457 πρὸς
441 366 574 440 ἅπαντα
606 367 746 458 διαρκὴς
778 371 945 457 γενομένη
976 367 1017 438 τὰ
1048 363 1141 451 δεινά,

141 473 215 546 ἀλλ’
242 473 303 563 οῦχ
331 474 442 565 ὥσπερ
473 474 759 564 ὑπολαμβάνουσί
786 503 877 556 τινες
910 474 1027 565 εὐνοίᾳ
1055 473 1143 560 τύχης

101 586 125 649 4
142 585 349 672 χρησαμένη·
372 584 442 654 ἐπεὶ
460 583 583 671 ταύτης
599 610 638 670 γε
656 582 757 673 χάριν
777 581 871 676 ᾤχετ’
893 578 938 651 ἂν
955 579 1144 668 ὑποβρύχιος

104 796 377 883 δὲξακισχιλίωυ
422 799 551 866 ίππέων
595 795 829 884 ἑβδομήκοντα
874 797 931 864 οιαὶ
975 793 1147 884 τριακόσιοι

144 906 451 991 περιελείφθησαν,
478 899 544 972 άπὸ
574 901 612 971 δὲ
639 902 818 991 μυριάδων
849 900 934 972 όιιτιδ
961 906 1033 971 νῦν
1056 905 1101 980 είς
1118 896 1147 967 τὸ

142 1008 261 1080 κοινὸν
284 1007 473 1097 στράτευμα
492 1012 772 1096 καταγραφεισῶν
792 1006 895 1096 ὀλίγοι
914 1013 1054 1088 πλείους
1074 1025 1149 1091 τρισ-

143 1120 261 1204 χιλίων
285 1114 474 1203 ἐσύθησαυ.

232 1223 354 1291 XVIII.
387 1221 498 1292 Ταῦτά
525 1248 562 1291 τε
585 1219 628 1310 δὴ
651 1226 713 1291 τοῦ
737 1219 865 1310 ἀνδρὸς
886 1220 1016 1310 ἄγαμαι
1038 1221 1093 1290 καὶ
1114 1224 1151 1286 ἔτι

106 1353 132 1394 ιο
145 1326 229 1418 πρὸς
255 1327 389 1408 τούτοις
411 1326 433 1398 ά
462 1331 572 1417 μέλλω
599 1331 727 1416 λέγειν,
755 1327 808 1399 ὅτι
829 1333 891 1398 τοῦ
923 1332 1036 1409 καλῶς
1063 1331 1180 1396 niuem

145 1444 229 1505 σθαι
255 1432 314 1515 τάς
340 1434 456 1516 πόλεις
485 1440 594 1517 αίτίας
620 1431 820 1522 ῦπολαβων,
848 1431 888 1516 ἃς
909 1438 1084 1524 θρυλοῦσι
1103 1432 1153 1522 μὲν

145 1539 290 1622 άπαντες
313 1544 347 1610 οί
368 1548 546 1629 πολιτικοί,
568 1543 854 1625 κατασκευάζουσι
878 1539 909 1610 δ’
932 1540 1058 1629 ὀλίγοι,
1079 1543 1153 1628 πρῶ-

145 1675 206 1720 τον
235 1647 297 1736 μὲν
320 1644 387 1734 ’τὴν
415 1647 505 1738 παρά
532 1652 600 1718 τεόν
628 1653 723 1718 θεῶν
747 1647 903 1734 εῦνοιαν,
931 1639 973 1734 ἧς
995 1646 1155 1736 παρούσης

146 1752 278 1824 ἅπαντα
305 1768 376 1834 τοϊς
403 1751 601 1843 άνθροίποις
628 1757 682 1824 ἐπὶ
714 1754 756 1824 τά
783 1759 922 1843 κρείττω
951 1756 1155 1844 συμφέρεται,

107 1884 133 1928 ιε
148 1865 260 1930 ἔπειτα
282 1859 512 1949 σωφροσύνην
533 1887 569 1931 τε
592 1863 648 1930 καὶ
672 1861 908 1948 δικαιοσύνην,
931 1859 977 1930 δι’
1004 1857 1047 1942 ἃς
1068 1853 1156 1948 ἧττον

147 1965 314 2054 ἀλλήλους
340 1968 545 2055 βλάπτοντες
573 1971 703 2058 μᾶλλον
734 1967 922 2057 ὁμονοοῦσι
948 1969 1007 2037 τιαλ
1029 1967 1094 2056 τὴν
1115 1967 1157 2035 εύ

149 2076 331 2162 δαιμονίαν
355 2072 396 2142 ού
419 2089 492 2156 ταῖς
513 2080 699 2163 αἰσχίσταις
717 2079 899 2164 μετροῦσιν
917 2071 1064 2162 ἡδοναῖς
1086 2071 1158 2142 ἀλλὰ

147 2185 193 2274 τῷ
220 2184 326 2274 καλῷ,
356 2185 551 2251 τελευταίαν
578 2184 617 2252 δὲ
647 2181 710 2270 τὴν
743 2185 781 2252 ἐν
808 2196 880 2263 τοῖς
905 2182 1068 2269 πολέμοις
1095 2206 1158 2268 γεν-

148 2286 310 2374 ναιότητα
336 2286 400 2375 τὴν
426 2287 747 2376 παρασκευάζουσαν
777 2285 866 2358 εἶναι
894 2290 951 2357 καὶ
981 2286 1040 2370 τὰς
1068 2287 1159 2364 άλλας

108 2417 135 2458 ιο
148 2389 268 2481 άρετάς
290 2409 362 2476 τοῖς
385 2395 521 2483 ἔχουσιν
544 2393 752 2484 ὠφελίμους,
779 2393 842 2465 ούιι
869 2393 934 2464 άπὸ
958 2392 1159 2483 ταύτομάτου

149 2505 399 2589 παραγίνεσθαι
421 2502 553 2572 τούτων
577 2505 718 2573 ἕκαστον
739 2507 807 2573 τῶν
831 2501 976 2590 άγαθῦυ
999 2502 1160 2590 ἐνόμισεν,

110 2602 223 2674 2άλλ’
250 2612 338 2695 ἔγνω
367 2607 455 2677 διότι
487 2607 588 2696 νόμοι
626 2612 807 2679 σπουδαῖοι
838 2610 895 2678 καὶ
926 2612 1041 2677 καλῶν
1075 2610 1161 2694 ζῆλος

150 2712 424 2800 ἐπιτηδευμάτων
456 2711 577 2802 εὐσεβῆ
613 2715 669 2784 οιαὶ
700 2715 863 2803 σαόφρονα
894 2716 950 2784 καὶ
982 2713 1024 2784 τὰ
1057 2719 1160 2782 δίκαια

150 2818 322 2888 ἀσκοῦσαν
352 2819 409 2886 καὶ
438 2816 479 2888 τά
508 2821 651 2907 πολέμια
680 2817 816 2908 άγαθίχν
848 2821 1078 2909 ἐξεργάζονται
1109 2817 1160 2887 τό·

109 2954 136 2998 25
151 2931 219 2991 λιν·
253 2914 302 2992 τόν
334 2922 463 3012 πολλὴν
495 2930 570 3014 ἐσχε
602 2925 770 3015 πρόνοιαν
798 2926 861 3014 τὴν
892 2925 999 3016 ἀρχὴν
1028 2923 1159 3013 ποιησά·

151 3055 253 3117 μενος
275 3027 340 3099 άπὸ
363 3033 432 3100 τῶν
455 3032 532 3121 περὶ
553 3031 594 3102 τδι
612 3041 693 3102 θεία
714 3033 772 3102 καὶ
796 3033 958 3120 δαιμόνια
981 3034 1160 3121 σεβασμῶν.

151 3135 225 3226 ίερά
258 3137 320 3225 μεν
353 3129 416 3208 οῦν
448 3138 505 3208 καὶ
541 3142 661 3228 τεμένη
693 3140 749 3208 καί
780 3138 917 3228 βωμούς
946 3140 1004 3208 καί
1036 3137 1159 3222 ξοάνων

224 3339 259 3389 10
278 3331 454 3389 ωίιιίσθαιΒ
509 3339 542 3388 12
560 3331 718 3404 πρύτηνΔ
777 3340 813 3389 14
832 3333 993 3405 φέρεταιΒ
1058 3339 1090 3391 19
1108 3337 1160 3415 τοῖς

152 3397 238 3467 άλλας
256 3404 303 3458 Bb
366 3409 400 3460 22
419 3399 494 3458 διότι
512 3404 535 3458 Β
553 3398 597 3459 δτι
615 3406 642 3460 R
703 3411 738 3460 23
757 3401 863 3482 εύσεβῆ
881 3405 932 3462 καί
949 3407 1049 3462 δίκαια
1064 3401 1160 3461 άσιιου-

154 3489 208 3527 σαν
230 3472 280 3529 ιιαλ
303 3470 438 3543 σαόφρονα
456 3475 479 3528 Β
