2408 3928
129 197 196 264 200
554 200 718 255 -Β-

142 411 162 448 ·.
218 359 370 428 XXXIII.
405 359 487 427 Επεὶ
512 357 543 426 δ’
571 356 674 428 ούδέν
702 359 882 447 ἐπέραινον
911 355 1125 426 ἀντικαθιστα-

128 467 242 553 μένων
265 464 381 546 αὐταῖς
403 471 471 535 τῶν
494 466 584 555 παρὰ
606 469 668 535 τοῦ
682 463 857 554 Ῥωμύλον
875 468 1059 552 πρεσβειῶν
1081 466 1157 534 καὶαι

128 576 395 664 θεραπευουσῶν
414 572 528 660 λόγοις
546 600 580 642 τε
599 575 654 641 καὶ
674 577 786 660 ἔργοις
804 569 842 640 τὸ
863 575 978 657 ἔθνος,
1000 569 1127 658 ἀχθόμε-

128 708 186 750 ναι
209 685 249 770 τή
272 684 370 771 τριβή
389 683 450 750 τού
469 679 598 770 χρόνον
613 679 807 768 μελλόντων
826 676 880 748 ἀεὶ
899 682 968 748 τάν
984 682 1128 766 Σαβίνων

86 815 101 856 τ
128 787 184 855 καὶ
202 785 490 874 ἀναβαλλομένων
509 792 557 868 είς
578 785 726 876 χρόνους
743 783 893 874 μακρούς
910 783 973 873 τήν
991 787 1130 875 περὶτοῦ

128 895 278 982 πολέμου
310 892 440 982 βουλήν
479 892 577 963 αύταὶ
620 891 699 964 καθ’
730 891 850 973 ἑαυτάς
886 897 1041 979 ἔγνωσαν
1075 907 1130 970 τοῖς

123 997 300 1088 Ῥωμαίοις
330 1009 504 1089 πολεμεῖν,
537 999 689 1090 ἀποχρῆν
727 999 880 1088 οἰόμεναι
917 998 980 1087 τήν
1019 1004 1130 1067 οἰκείαν

129 1107 288 1195 δύναμιν,
312 1111 344 1175 εί
364 1105 444 1176 καθ’
471 1111 509 1176 ἓν
532 1111 570 1176 αί
589 1123 679 1198 τρεῖς
700 1111 868 1196 γένοιντο,
890 1113 972 1196 μίαν
995 1105 1131 1196 ἅρασθαι

127 1212 228 1282 πόλιν
253 1211 293 1283 ού
317 1213 475 1302 μεγάλην.
522 1213 768 1300 ἐβουλεύσαντο
792 1213 854 1301 μὲν
878 1217 997 1298 ταῦτα,
1029 1219 1132 1281 συνελ-

88 1329 207 1389 ιοθεῖν
245 1319 275 1387 δ’
308 1319 368 1389 οὐκ
406 1325 563 1410 ἔφθησαν
600 1325 648 1403 εἰς
680 1324 717 1390 ἓν
754 1319 880 1389 ἅπασαι
918 1319 1132 1406 στρατόπεδον

127 1427 449 1517 προεξαναστάντων
467 1427 728 1518 προχειρότερον
746 1431 815 1497 τῶν
835 1429 871 1495 ἔκ
889 1430 948 1514 τής
967 1431 1132 1512 Καινίνης,

87 1535 109 1601 2
129 1537 224 1622 οἵπερ
248 1537 303 1604 καὶ
327 1535 469 1623 μάλιστα
493 1535 639 1605 ἐδόκουν
662 1532 723 1604 τὸν
742 1534 891 1623 πόλεμον
910 1533 1055 1620 ἐνάγειν.
1094 1535 1132 1612 ἐξ·

127 1643 400 1730 εστρατευμένων
425 1641 462 1710 δέ
485 1642 615 1711 τούτων
639 1643 694 1710 καὶ
724 1640 901 1730 δῃούντων
924 1639 988 1728 τήν
1017 1637 1133 1727 ὅμορον

128 1744 299 1833 ἐξαγαγὼν
318 1746 381 1834 τήν
403 1747 551 1836 δύναμιν
579 1745 596 1816 ὁ
614 1745 794 1836 Ῥωμύλος,
820 1745 1027 1835 ἀφυλάκτοις
1047 1737 1134 1815 οὖσιν
1189 1759 1190 1762 ’

89 1882 114 1923 15
129 1857 177 1922 ἔτι
205 1867 275 1933 τοῖς
301 1859 474 1942 πολεμίοις
500 1853 763 1944 ἀπροσδοκήτως
790 1856 974 1922 ἐπιτίθεται
1006 1855 1134 1921 καὶτοῦ

76 2039 85 2050 Ι
126 1985 162 2028 τε
192 1959 337 2049 χάρακος
364 1960 476 2031 αύτῶν
504 1960 627 2049 ἀρτίως
655 1963 841 2050 ίδρυμένου
870 1967 999 2047 γίνεται
1029 1958 1135 2047 κύριος

127 2081 198 2148 τοῖς
224 2093 260 2136 τε
287 2067 474 2156 φεύγουσιν
503 2073 550 2148 είς
577 2065 638 2155 τήν
663 2066 763 2135 πόλιν
792 2069 828 2135 έκ
855 2065 961 2147 ποδός
984 2063 1135 2152 ἑπόμενος

129 2171 262 2242 ούδέπω
290 2176 359 2241 τόν
389 2177 491 2242 ἔνδον
518 2177 741 2260 πεπυσμένων
769 2171 832 2259 τήν
860 2173 936 2258 περὶ
962 2169 1043 2252 τούς
1064 2191 1135 2257 σφε-

128 2281 246 2368 τέρους
262 2277 444 2366 συμφοράν
457 2277 566 2365 τεῖχός
579 2305 614 2347 τε
628 2277 824 2366 ἀφύλακτον
839 2275 949 2365 εὑρὼν
969 2280 1025 2346 καί
1039 2276 1136 2354 πύλας

88 2415 115 2456 το
129 2383 322 2465 ἀκλείστους
350 2385 440 2472 αίρεῖ
459 2382 521 2471 τήν
544 2385 645 2453 πόλιν
669 2387 703 2466 ἔξ
731 2384 860 2473 ἐφόδου
882 2385 937 2452 καλ
961 2384 1024 2453 τὸν
1046 2389 1174 2470 βασι-ιιι

129 2493 188 2561 λέα
211 2495 279 2560 τῶν
303 2494 511 2560 Καινινιτῶν
535 2489 773 2578 ὑπαντήσαντα
801 2489 867 2558 σύν
894 2493 1038 2580 καρτερᾷ
1059 2488 1135 2576 χειρὶ

130 2597 319 2686 μαχόμενος
342 2596 532 2689 αὐτοχειρίᾳ
557 2604 678 2667 κτείνει
701 2595 814 2665 καὶτὰ
840 2593 927 2664 ὅπλα
945 2593 1135 2683 ἀφαιρεῖται.

219 2705 386 2772 XXXIIII.
414 2709 542 2774 Τούτου
563 2704 600 2774 δέ
622 2703 683 2774 τὸν
700 2702 828 2792 τρόπον
846 2699 994 2789 ἀλούσης
1011 2707 1067 2789 τῆς
1083 2700 1135 2769 πό-

131 2817 214 2890 λεως
236 2807 385 2894 τάὸπλα
404 2814 617 2897 παραδοῦναι
640 2807 720 2890 τούς
742 2807 887 2889 ἁλόντας
909 2808 1067 2889 κελεύσας
1086 2807 1133 2876 καὶ

202 2977 218 3026 8
237 2965 312 3025 καθ’
333 2968 385 3025 ἔνα
402 2978 477 3039 τρεῖς
496 2971 546 3025 ΒΤ
573 2973 577 3039 Ι
602 2966 731 3039 ἄρασθαι
751 2970 840 3025 Cobet
860 2969 925 3024 obs.
948 2988 975 3038 p.
995 2975 1029 3024 47
1059 2965 1133 3037 αἱρεῖ-

130 3045 201 3097 σθαι
220 3044 244 3096 A
262 3036 390 3111 αἱρήσειν
409 3043 458 3097 Bb
478 3038 628 3111 αλρῆισθαι
640 3042 687 3096 Ba
705 3038 822 3110 αἱρῆται
835 3039 888 3095 RT
906 3037 998 3109 αἷρεῖν
1018 3039 1134 3096 Herflein

129 3114 246 3169 Hermes
265 3112 291 3166 X
313 3131 339 3183 p.
364 3119 417 3168 410
490 3119 506 3167 9
526 3111 578 3182 μὲν
602 3109 638 3182 δὴ
662 3130 684 3167 ο.
710 3111 832 3182 Sylburg
910 3117 944 3166 10
967 3109 1133 3192 ἔφθητανβ

132 3183 309 3258 ἔφδ<η>σαν
327 3184 350 3238 Β
369 3182 505 3254 ἔφθασαν
524 3184 547 3237 Τ
621 3190 653 3238 11
674 3186 792 3252 κανίνης
809 3184 832 3237 Β
851 3184 982 3244 καινίνας
1000 3183 1046 3237 Ba
1064 3199 1132 3247 κενή·

131 3256 489 3394 ιιιλιιικιξιῖ
505 3248 1133 3395 ἀιιικτῖυυιιλιιιοι

132 3400 167 3450 20
186 3397 307 3517 “5⁰5²ss
380 3401 413 3450 21
434 3394 634 3449 κανενιτῶνΑ
662 3395 825 3450 καινινιτιόν
845 3397 890 3451 Ba
920 3396 1082 3465 κενηνητῶν
1098 3393 1134 3448 Ba

132 3483 266 3518 καινιτων
