2412 3912
462 227 628 278 -A—
817 213 824 228 “
1011 220 1053 284 67

58 405 112 451 σια.
133 387 229 473 χωρὶς
241 383 305 473 γὰρ
328 388 397 453 τῶν
420 383 534 452 ἀλλων
549 382 731 472 βαρβάρων
749 380 787 452 τὸ
803 381 942 468 Λιγύων
956 384 1055 468 γένος
1073 387 1094 453 3

56 489 130 558 πολύ
158 492 211 558 καλ
239 491 401 580 μύχιμον,
435 491 487 559 ἐπὶ
513 505 586 570 ταῖς
612 489 776 578 παρόδοις
804 493 872 558 τῶν
893 487 1054 558 Ἀλπείων

57 594 134 684 ὀρῶν
156 600 350 686 ἱδρυμένον,
374 596 583 666 ἀποκωλύειν
607 596 724 679 ὅπλοις
741 595 799 678 τὰς
823 595 973 683 είςβολδις
997 595 1054 665 αύ-

55 707 105 772 τού
124 703 179 785 τὰς
202 709 249 785 είς
269 702 413 774 Ἰταλίαν
437 707 660 794 ἐπεχείρησεν,
684 710 770 775 ἔνθα
784 707 938 793 μέγιστος
960 701 1054 790 ἀγοδν

55 825 113 891 τοῖς
133 810 292 898 Ἕλλησιν
324 814 455 898 ἐγένετο
487 811 625 881 πάντων
658 811 780 893 αύτούς
812 810 1081 888 ἐπιλειπόντωνς

56 919 84 984 ἐν
103 921 138 1006 τῇ
160 917 248 1006 μύχη
271 921 340 986 τῶν
364 922 484 1004 βελῶν.
520 920 621 1005 δηλοῖ
642 918 680 987 δέ
702 917 762 988 τὸν
780 917 930 1005 πόλεμον
953 916 1055 986 τόνδε

57 1027 109 1091 τόν
128 1023 278 1114 ἀρχαίων
299 1028 449 1112 ποιητῶν
472 1025 642 1113 Αἰσχύλος
671 1027 708 1094 ἐν
732 1033 916 1113 Προμηθεῖ
936 1025 1055 1113 λυομέ-

60 1155 104 1219 νμ.
135 1136 313 1217 πεποίηται
340 1130 405 1218 γάρ
433 1129 522 1224 αὐτῷ
556 1130 574 1201 ὁ
603 1130 810 1220 Προμηθεὺς
831 1129 991 1219 Ἡρακλεῖ
1015 1130 1055 1200 τά

56 1261 83 1302 τε
100 1235 179 1306 ἀλλα
201 1240 393 1326 προλέγων,
417 1234 462 1318 ὦς
486 1241 625 1308 ἕκαστον
649 1237 738 1331 αύτῷ
760 1266 792 1307 τι
820 1237 1056 1327 συμβήσεσθαι

54 1347 150 1429 ἔμελλε
172 1343 257 1414 κατά
280 1344 343 1432 τὴν
367 1346 420 1414 ἐπὶ
438 1344 619 1433 Γηρυόνην
643 1351 830 1434 στρατείαν,
852 1347 909 1414 καλ
933 1343 974 1432 δὴ
998 1344 1055 1412 καὶ
1069 1381 1095 1420 1⁰

51 1452 112 1539 περὶ
137 1457 200 1520 τού
224 1455 430 1538 Λιγυστικοῦ
457 1454 606 1539 πολέμου
634 1448 679 1532 ὦς
707 1449 748 1520 ού
778 1450 896 1542 ῥᾴδιος
920 1449 937 1520 ὁ
962 1449 1054 1538 ἀγὼν

51 1561 128 1626 ἔσται
150 1559 385 1647 διηγούμενος.
430 1557 471 1627 τά
494 1557 535 1627 δὲ
554 1559 722 1646 ποιήματα
747 1550 807 1627 ὧδ’
834 1562 920 1646 ἔχει·

124 1681 215 1770 ἥξεις
240 1683 277 1751 δὲ
300 1683 438 1770 Λιγύων
462 1687 510 1762 είς
532 1681 722 1772 ἀτάρβητον
746 1681 902 1771 στρατὸν,

125 1788 202 1858 ἔνθ’
231 1787 272 1858 ού
295 1789 412 1877 μύχης,
435 1787 516 1875 σάφ’
544 1787 631 1876 οἶδα,
654 1790 710 1858 καλ
732 1789 861 1877 θούρός
882 1814 945 1876 περ
969 1785 1019 1858 ἀν

125 1899 258 1983 μέμψει.
298 1896 468 1983 πέπρωται
490 1895 555 1983 γάρ
578 1915 616 1964 σε
638 1897 694 1964 καὶ
717 1897 797 1982 βέλη
822 1905 942 1966 λιπεῖν.
1069 1930 1095 1970 ιε

13 2043 46 2093 108
102 2022 272 2087 XXXXII.
293 2017 426 2105 Ἐπειδὴ
446 2019 483 2087 δὲ
496 2017 637 2100 τούτους
659 2020 973 2108 καταστρεψάμενος
986 2024 1054 2089 τῶν

46 2125 198 2212 παρόδων
226 2126 423 2214 έκράτησεν,
451 2129 486 2194 oc
507 2128 569 2213 μέν
590 2153 680 2206 τινες
704 2125 853 2195 ἑκούσιοι
876 2130 1054 2215 παρεδίδο-

13 2323 14 2326 ,
46 2251 100 2301 σαν
123 2231 215 2326 αύτῷ
239 2231 298 2314 τάς
319 2233 444 2319 πόλεις,
467 2233 610 2321 μάλιστα
634 2232 761 2302 δὲόσοι
780 2232 921 2302 ἀπὸτοῦ
939 2231 1054 2320 Ἐλλη-

13 2327 15 2358 '
45 2345 132 2408 νικού
155 2343 280 2426 γένους
301 2332 388 2427 ἦσαν
412 2337 433 2427 ἢ
458 2340 618 2428 δυνύμεις
642 2339 703 2409 ούκ
727 2339 819 2427 εἶχον
847 2337 1054 2427 ἀξιοχρέους,

46 2449 74 2511 οί
93 2447 130 2515 δὲ
153 2453 292 2526 πλείους
314 2449 350 2515 ἐκ
372 2449 522 2535 πολέμου
544 2447 599 2514 καὶ
622 2453 816 2533 πολιορκίας
838 2453 1053 2535 παρίσταντο.
1067 2480 1095 2520 ιο

46 2551 76 2617 ἐν
104 2551 146 2640 δὴ
170 2553 304 2633 τούτοις
331 2557 443 2640 <τοῖς>
472 2553 559 2642 μύχη
585 2563 785 2641 κρατηθεῖσι
811 2554 867 2622 καλ
894 2551 956 2622 τὸν
985 2551 1092 2634 ύπὸ2

43 2653 205 2746 Ῥωμαίων
218 2658 523 2746 μυθολογούμενον
538 2659 667 2746 Κάκον,
683 2659 855 2747 δυνάστην
868 2659 946 2728 τινά
960 2687 1052 2748 κομι-

47 2765 81 2851 δῇ
98 2764 274 2852 βάρβαρον
296 2764 353 2832 καὶ
371 2761 565 2853 ἀνθρώπων
583 2763 762 2854 ἀνημέρων
781 2765 941 2854 ἀρχοντα,
961 2770 1054 2853 γενέ-

48 2878 118 2937 σθαι
142 2871 249 2958 φασὶν
268 2868 358 2962 αύτῷ
382 2869 561 2958 διάφορον,
585 2873 743 2959 ἐρυμνοῖς
756 2878 891 2962 χωρίοις
917 2875 1053 2942 ἐπικαθ-
1082 2873 1084 2878 ’

47 2973 163 3061 η’μενου
186 2977 242 3044 καὶ
267 2975 324 3045 διά
347 2982 450 3047 ταῦτα
477 2992 549 3058 τοῖς
574 2976 820 3067 πλησιοχώροις
843 2978 924 3048 όντα
949 2989 1053 3068 λυπη-
1066 3011 1093 3052 τε

109 3145 125 3192 2
147 3133 261 3193 ἀλπέων
284 3136 307 3189 Β
342 3132 503 3192 ἀλπαιτίων
525 3140 551 3192 Α
651 3144 667 3192 7
690 3142 839 3209 προμηθεῖ
845 3141 892 3194 ,Β
922 3145 926 3208 Ι
952 3137 967 3196 ὁ
997 3142 1052 3197 del.

47 3206 178 3280 Kiessling
247 3214 262 3263 9
279 3208 437 3277 προςλέγων
455 3210 501 3264 Βε
517 3211 521 3278 Ι
538 3204 634 3264 αὐτῶν
653 3230 679 3264 τι
694 3209 740 3263 vel
759 3205 836 3280 αύτῷ
856 3211 915 3266 sive
929 3233 956 3266 τι
970 3213 1053 3266 Hert-

48 3276 97 3332 λεία
109 3280 369 3348 HermesXp.408
444 3288 476 3336 10
497 3278 651 3351 έμελλενΒ
676 3282 680 3349 Ι
705 3280 755 3334 καλ
772 3277 824 3349 τὴν
842 3283 867 3335 A
942 3289 974 3337 13
991 3278 1053 3345 ἒςΒ

77 3356 109 3404 14
128 3345 235 3420 ἀφοιδοι
253 3350 306 3404 ΑΒ
332 3353 337 3418 Ι
361 3369 414 3419 περ
433 3346 488 3406 ἒύν
506 3353 532 3405 A
594 3358 627 3406 15
651 3351 800 3421 μέμψινΒ
862 3359 895 3408 16
915 3348 1053 3422 ἕπειδὴΒ

50 3415 102 3474 ἐπεὶ
121 3420 151 3476 δὲ
174 3423 200 3476 R
282 3428 314 3475 21
343 3428 403 3484 τοῖς
421 3422 485 3477 add.
504 3422 606 3476 Reiske
683 3428 717 3477 23
736 3417 892 3490 ἄνθρωπον
910 3423 957 3493 Bt
983 3419 1053 3494 ἀνη-

50 3493 164 3560 μερονΒ
236 3499 271 3548 24
290 3487 384 3547 αύτῶν
402 3494 425 3546 Β
497 3499 531 3547 26
550 3489 673 3563 χαλεπὸν
695 3493 718 3545 Β

851 3579 886 3631 5*
