2408 3928
586 229 752 284 -B-

160 387 221 458 τδν
241 389 279 457 δὲ
296 387 441 475 ἀγγελον
461 386 740 477 αὐτομολήσαντα
758 385 842 477 πρὸς
860 385 922 456 τὸν
940 385 1083 476 ἡγεμόνα
1098 393 1151 457 τόν

161 501 324 583 Σαβίνων
346 496 537 584 κατήγορον
561 497 722 582 γενέσθαι
745 498 816 563 τῶν
833 498 893 582 τῆς
914 501 1075 582 Ταρπείας
1089 501 1152 581 βου-

120 603 346 692 2λευμάτων.
393 607 428 672 ολ
454 602 492 671 δὲ
520 604 596 690 περὶ
625 600 687 671 τὸν
720 599 854 688 Φάβιόν
882 628 919 670 τε
948 604 1004 671 καὶ
1033 609 1153 689 Κίγκιον

161 709 264 780 οὐδὲν
287 715 423 781 τοιοῦτο
446 711 624 798 γεγονέναι
643 709 814 794 λέγουσιν,
837 707 923 777 ἀλλά
947 709 1088 796 φυλάξαι
1106 708 1154 796 τὴν

121 843 134 885 ε
161 817 268 907 κόρην
297 821 574 906 διαβεβαιοῦνται
606 814 665 896 τὰς
686 809 772 901 ’περὶ
801 819 860 902 τῆς
886 820 1070 903 προδοσίας
1093 837 1154 884 συν-

161 924 281 1011 θήκας.
326 922 367 993 τδι
391 922 422 991 δ’
450 926 524 1010 ἑξῆς
546 920 692 1003 ἀπαντες
721 922 824 993 πάλιν
852 920 978 1010 ὁμοίως
999 923 1155 1012 γράφουσι.

161 1032 245 1117 φασὶ
273 1029 337 1119 γάρ
367 1029 418 1099 ότι
446 1033 727 1118 παραγενομένου
758 1027 823 1099 σὺν
854 1033 900 1122 τῷ
928 1037 1092 1122 κρατίστῳ
1115 1033 1155 1115 της

163 1142 319 1227 στρατιᾶς
352 1140 445 1228 μέρει
476 1142 539 1207 τοῦ
570 1140 735 1224 βασιλέως
766 1143 836 1206 τεόν
863 1143 1027 1225 Σαβίνων
1050 1136 1182 1223 φυλότ-ιν

162 1264 269 1313 νουσα
291 1243 349 1324 τάς
372 1242 569 1332 ὑποσχέσεις
596 1242 618 1332 ἡ
650 1244 797 1331 Ίόρπεια
823 1259 895 1324 τοῖς
922 1243 985 1332 μὲν
1008 1250 1155 1332 πολεμίοις

123 1377 150 1417 ιο
163 1349 288 1443 ἀνέῳξε
312 1350 373 1438 τὴν
393 1353 618 1440 συγκειμένην
636 1354 773 1436 πυλίδα,
786 1349 865 1430 τοὺς
888 1349 920 1419 δ’
941 1353 979 1420 έν
1002 1354 1049 1443 τῷ
1068 1356 1155 1438 χωρία

162 1457 316 1546 φύλακας
338 1456 555 1545 ἀναστήσασα
580 1461 765 1545 διαταχέων
787 1456 905 1539 σεόζειν
924 1456 1067 1538 ἑαυτοὺς
1082 1457 1156 1545 ἠξίου

161 1563 242 1632 καθ’
269 1566 383 1652 ἑτέρας
405 1565 544 1647 ἐξόδους
567 1579 638 1645 τοῖς
660 1569 832 1652 πολεμίοις
854 1563 1013 1653 ἀφανεῖς,
1037 1563 1081 1646 ἀς
1100 1591 1157 1633 κοτ-

120 1681 141 1744 3
162 1671 310 1759 εχόντων
333 1671 399 1760 ἤδη
428 1677 497 1742 τῶν
523 1677 686 1758 Σαβίνων
713 1670 752 1740 τὸ
775 1671 958 1760 φρούριον·
992 1671 1158 1760 διαφυγόν-

160 1803 229 1847 των
258 1779 296 1846 δδ
322 1778 453 1847 τούτων
481 1776 562 1857 τοὺς
590 1777 652 1865 μὲν
681 1783 854 1864 Σαβίνους
880 1776 1094 1870 ἀνεῳγμένας
1119 1775 1157 1845 τό

122 1908 148 1949 15
163 1883 287 1970 ρόντας
307 1884 366 1964 τάς
388 1884 496 1965 πύλας
518 1898 697 1971 κατασχεῖν
720 1882 758 1953 τὸ
778 1882 946 1972 φρούριον
966 1891 1091 1974 έρημον
1106 1889 1158 1953 τόν

161 1991 340 2079 φυλάκων,
367 1990 430 2079 την
459 1991 497 2059 δὲ
529 1990 706 2078 Τάρπειαν
727 1988 772 2072 ὡς
798 1989 840 2059 τὰ
865 1990 944 2081 παρ’
973 1991 1090 2080 ἑαυτῆς
1109 1989 1159 2060 ὅσα

159 2101 325 2168 συνέθετο
362 2100 620 2185 παρεσχημένην
657 2096 777 2179 ἀξιοῦν
818 2095 897 2178 τοὺς
937 2099 1084 2186 μισθοὺς
1114 2103 1159 2184 της

158 2209 345 2294 προδοσίας
366 2202 449 2273 κατὰ
471 2201 552 2283 τοὺς
575 2201 698 2291 όριιους
720 2202 913 2291 ἀπολαβεῖν.

250 2313 383 2378 XXXX.
408 2309 550 2391 Ἔπειτα
578 2309 681 2378 πόλιν
709 2306 727 2378 ὁ
751 2309 814 2397 μὲν
837 2316 975 2380 Πείσων
1003 2313 1086 2400 φησὶ
1106 2315 1159 2379 τόν
1189 2365 1190 2396 χ

121 2441 147 2481 ιο
163 2405 327 2504 Σαβίνων
349 2415 419 2486 τόν
429 2415 557 2505 χρυσὸν
579 2417 723 2504 ἑτοίμων
742 2415 852 2486 όντων
872 2416 1010 2485 διδόναι
1031 2423 1071 2508 τῇ
1091 2418 1159 2504 κόρη

160 2522 222 2593 τόν
252 2524 328 2606 περὶ
355 2537 427 2604 τοῖς
454 2521 643 2611 ἀριστεροῖς
671 2530 827 2613 βραχίοσι
853 2522 915 2612 τὴν
943 2524 1109 2613 Τάρπειαν
1130 2521 1161 2590 οὐ
1188 2579 1189 2600 ,

159 2628 222 2698 τὸν
250 2630 380 2718 κόσμου
409 2628 493 2699 ἀλλά
524 2629 603 2711 τοὺς
636 2629 786 2719 θυρεοὺς
814 2629 892 2718 παρ’
919 2629 1032 2700 αὐτῶν
1062 2637 1161 2699 αίτεῑν.

166 2741 275 2827 Τατίῳ
299 2733 337 2803 δὲ
354 2735 470 2824 θυμόν
493 2763 528 2806 τε
552 2742 721 2805 εἰσελθεῖν
745 2737 797 2805 ἐπὶ
820 2741 860 2827 τῇ
879 2736 1022 2826 έξαπάτη
1042 2739 1097 2806 καὶ
1117 2744 1161 2805 λο

161 2839 283 2929 γισμὸν
297 2845 359 2911 τοῦ
373 2841 417 2931 μὴ
431 2847 624 2932 παραβῆναι
643 2841 702 2923 τὰς
721 2840 910 2931 ὁμολογίας.
943 2843 1039 2924 δόξαι
1058 2843 1089 2911 δ’
1110 2833 1160 2911 οὖν

121 2970 148 3012 τε
164 2945 254 3040 αὐτῷ
288 2952 409 3017 δοῦναι
442 2948 504 3037 μὲν
536 2948 576 3018 τά
609 2947 710 3035 όπλα,
743 2947 853 3038 ὥσπερ
885 2945 907 3036 ἡ
937 2963 1015 3030 παῖς
1046 2949 1161 3037 ἠξίωσε,

160 3059 299 3142 ποιῆσαι
324 3053 356 3122 δ’
379 3053 469 3136 ὅπως
493 3053 607 3135 αὐτοῖς
630 3054 736 3143 μηδὲν
758 3060 909 3141 λαβοῦσα
931 3054 1097 3143 χρήσεται,
1116 3055 1161 3122 καὶ

160 3160 281 3233 αὐτίκα
314 3161 573 3251 διατεινόμενον
602 3159 647 3243 ὡς
673 3162 816 3251 μάλιστα
845 3161 959 3251 ίσχόος
986 3159 1053 3250 εἶχε
1080 3166 1159 3252 ῥίψαι

233 3363 299 3411 θτε
315 3374 373 3443 μω.
392 3357 431 3439 Β.
475 3358 623 3412 4τοιοῦτο
640 3359 664 3412 Β
682 3361 812 3415 τοιοῦτον
830 3362 856 3415 R
914 3357 991 3415 ’λόει
1010 3359 1035 3412 A
1053 3353 1158 3483 (ὅχτιΒ

162 3432 195 3480 16
222 3446 312 3496 ταπερ
346 3421 448 3494 ἕαυτης
466 3428 491 3480 Α
574 3436 607 3482 17
631 3423 685 3484 ὅσα
704 3430 843 3486 συνέθετο
867 3431 921 3486 del.
945 3429 1068 3486 Reudler
1105 3443 1158 3483 ιτοο,

160 3511 188 3562 p.
207 3502 240 3550 23
313 3502 347 3550 26
367 3495 477 3567 μηδὲνα
497 3495 694 3569 ΑΙχρήσηται
714 3501 737 3557 Ο
757 3519 827 3559 corr.
845 3503 975 3558 Meineke
1034 3521 1040 3530 ·
