2404 3918
568 215 734 268 ..Γ-

145 375 401 462 ἐπιτειχίσαντες
422 371 484 460 τὴν
507 369 603 462 ἡμῶν
633 370 745 443 αὐτῶν
772 374 872 443 πόλιν
895 373 1025 462 πολλὴν
1049 372 1151 464 άσφά-

145 489 240 550 λειαν
267 481 399 562 τούτοις
425 484 487 550 τοῦ
509 507 544 550 τε
571 479 636 550 άπὸ
665 486 850 569 Τυρρηνῶν
876 483 932 552 καὶ
962 481 1028 551 αἰπδ
1051 490 1151 571 Σαβί

144 614 217 656 νων
239 588 389 675 πολέμου
405 588 650 677 παρειχόμεθα·
671 579 711 675 ἧς
730 586 771 675 δὴ
790 587 918 670 πόλεως
941 583 979 659 εὖ
998 616 1034 659 τε
1053 611 1181 678 πρατ-ιεε

145 692 269 781 τούσης
300 692 459 763 ἁπάντων
491 694 634 782 μάλιστα
670 699 799 783 χαίρειν
835 693 959 777 αύτούς
998 700 1069 766 ἔδει
1104 697 1151 765 καί

118 802 381 888 εσφαλλομένης
414 800 521 888 μηδὲν
553 801 767 890 ἐνδεέστερον
793 797 814 889 ἢ
846 803 922 891 περὶ
954 806 1014 890 τῆς
1045 802 1151 872 αὐτῶν
1182 791 1183 802 ¹

105 906 324 995 ὃάχθεσθαι.
374 909 410 974 οί
435 906 472 976 δέ
503 904 569 995 ἄρα
601 911 816 994 φθονοῦντες
843 907 904 997 οὐχ
935 906 1018 997 ἡμῖν
1051 912 1151 998 μόνον

145 1019 214 1086 τῶν
237 1014 379 1104 άγαθῶν
402 1011 487 1082 άλλὰ
509 1015 565 1082 καλ
589 1015 720 1095 ἑαυτοῖς
741 1019 801 1103 τῆς
823 1014 869 1084 δι’
894 1014 982 1105 ἡμᾶς
1006 1015 1151 1105 εὐτυχίας

147 1126 319 1194 διετέλουν
350 1123 407 1191 καλ
435 1125 653 1202 τελευτῶντες
684 1119 729 1202 ῶς
761 1120 872 1194 ούκέτι
906 1125 1062 1212 κατέχειν
1097 1123 1149 1212 τὴν

145 1228 298 1300 ὕπουλον
330 1234 458 1318 ἔχθραν
491 1228 656 1299 ἐδύναντο
693 1228 841 1318 πόλεμον
872 1227 954 1318 ἡμῖν
986 1245 1148 1321 προεῖπον.

105 1367 132 1408 ιο
145 1339 314 1427 μαθόντες
338 1335 370 1405 δ’
395 1334 483 1425 ἡμᾶς
506 1329 544 1405 εὖ
567 1334 650 1424 πρὸς
671 1335 732 1407 τὸν
755 1335 870 1424 άγῶνα
892 1344 1148 1428 παρεσκευασμέ-

145 1473 243 1531 νους,
271 1442 317 1524 ῶς
344 1442 451 1514 ούθέυ
480 1442 573 1514 οἷοίτ’
599 1435 688 1531 ἦσαν
720 1444 929 1531 ἐργάσασθαι
961 1446 1085 1534 κακόν,
1112 1452 1143 1525 είς

146 1551 328 1639 διαλλαγάς
355 1550 499 1621 ἐκάλουν
526 1551 583 1620 καὶ
610 1555 728 1638 φιλίαν
755 1551 811 1618 καλ
837 1549 875 1620 τὸ
902 1553 979 1640 περὶ
1003 1557 1068 1640 τῆς
1088 1552 1143 1640 ἡγε-

145 1665 265 1748 μονίας
287 1672 398 1738 νεῖκος
420 1660 457 1727 ἐν
475 1657 586 1745 τρισὶν
605 1654 664 1744 ἀφ’
686 1656 840 1745 ἑκατέρας
859 1656 989 1739 πόλεως
1007 1659 1146 1749 σῶμασιν

144 1766 264 1855 ἠξίουν
286 1769 459 1855 κριθῆναι.
500 1763 685 1852 ἐδεξάμεθα
707 1765 763 1832 καὶ
791 1764 995 1847 ταύταςτὰς
1016 1768 1148 1857 προκλή-

105 1899 131 1940 15
147 1895 216 1955 σεις
237 1875 294 1943 καὶ
316 1874 515 1961 νικήσαντες
536 1875 576 1961 τῇ
600 1870 687 1960 μάχη
716 1869 778 1958 τὴν
800 1871 901 1941 πόλιν
928 1871 1043 1942 αὐτῶν
1067 1879 1148 1962 ἐσχο-

105 1981 126 2046 6
145 2009 208 2070 μεν
230 1979 436 2070 ὑποχείριον.
481 1980 562 2066 φέρε
586 1976 628 2065 δὴ
650 1982 687 2047 τί
710 1975 791 2064 μετά
813 1981 917 2046 ταῦτα
940 1979 1148 2068 ἐποιήσαμενς

145 2087 221 2170 ἐξὸν
244 2085 326 2176 ἡμῖν
350 2084 460 2174 ὅμηρά
482 2112 517 2155 τε
536 2081 650 2153 αὐτῶν
671 2089 788 2170 λαβεῖν
808 2084 865 2152 καλ
883 2085 1040 2174 φρουράν
1064 2089 1099 2156 ἐν
1116 2091 1148 2175 τῇ

144 2196 240 2266 πόλει
267 2203 461 2266 καταλιπεῖν
488 2195 544 2263 καλ
571 2189 650 2272 τοὺς
676 2191 966 2279 κορυφαιοτάτους
995 2197 1064 2262 τῶν
1087 2198 1148 2261 δια-

146 2301 343 2392 στησάντων
366 2299 425 2382 τάς
446 2300 560 2380 πόλεις
581 2298 660 2380 τοὺς
683 2298 745 2387 μέν
768 2297 918 2386 άνελεῖν,
947 2298 1028 2381 τοὺς
1051 2299 1081 2369 δ’
1107 2303 1147 2368 ἐκ·

105 2435 133 2476 νο
145 2416 262 2498 βαλεῖν
289 2413 457 2489 πολιτείας
487 2405 522 2476 τε
551 2403 662 2476 αὐτῶν
691 2403 820 2492 κόσμον
848 2411 1050 2494 μεταστῆσαι
1076 2405 1147 2494 πρὸς

145 2515 183 2586 τὸ
206 2514 288 2605 ἡμῖν
308 2515 483 2603 συμφέρον
500 2514 556 2582 καὶ
575 2512 685 2602 χώρας
704 2514 760 2582 καλ
778 2513 956 2601 χρημάτων
975 2512 1146 2606 ἀποδασμῷ

146 2627 308 2710 ζημιῶσαι
339 2627 410 2707 καί,
444 2616 462 2688 δ
490 2619 627 2690 πάντων
655 2621 781 2710 ῥᾷστον
807 2611 867 2706 ἦν,
899 2617 1086 2707 άφελέσθαι
1112 2619 1145 2690 τά

146 2728 232 2798 ὅπλα
264 2726 403 2813 αὐτούς,
440 2729 474 2810 ἐξ
507 2717 556 2794 ῶν
588 2728 846 2815 ἐγκρατεστέραν
882 2722 924 2795 άν
956 2726 1019 2814 τὴν
1047 2726 1184 2818 άρχην494

144 2836 437 2924 κατεστησάμεθα,
464 2833 595 2904 τούτων
627 2833 689 2922 μὲν
719 2832 821 2902 οὐδὲν
847 2831 1037 2922 ἠξιῶσαμεν
1064 2839 1144 2920 ποιῆ-

105 2966 132 3010 εε
147 2963 219 3029 σαι,
243 2947 288 3035 τῶ
314 2942 345 3010 δ’
371 2941 505 3030 εὐσεβεῖ
529 2945 658 3029 μᾶλλον
685 2936 705 3030 ἢ
734 2944 780 3033 τῶ
809 2939 955 3028 άσφαλεῖ
973 2947 1034 3030 τῆς
1056 2941 1143 3030 άρχης

145 3052 370 3140 ἐπετρέψαμεν
397 3050 454 3118 καὶ
485 3047 523 3118 τὸ
553 3046 712 3135 εὐπρεπὲς
743 3046 781 3116 τὸ
809 3046 893 3136 πρὸς
920 3046 1070 3130 ἅπαντας
1093 3050 1143 3118 τοῦ

144 3162 402 3238 λυσιτελοῦντος
431 3153 513 3244 ἡμῖν
541 3153 655 3236 αύτοίς
683 3158 754 3245 ίδίηι
777 3169 929 3241 κρεῖττον
951 3152 1140 3244 ἡγησάμενοι

146 3264 428 3353 συνεχωρήσαμεν
462 3262 576 3343 αύτοΐς
607 3261 738 3331 ἅπαντα
769 3258 810 3330 τά
840 3263 984 3350 σφέτερα
1014 3263 1141 3349 καρτοῦ·

216 3487 416 3545 4*πάντωνο
465 3498 496 3544 12
512 3492 641 3560 φιλίαςΑ
695 3497 730 3546 23
749 3488 922 3546 ῶνΒοω.Β
976 3487 1141 3548 maim
