2412 3912
153 213 195 278 18
577 218 741 268 -A-
1202 239 1203 334 3

151 374 333 453 Πευκέτιος
355 377 423 441 τῶν
446 369 603 461 ἀδελφῶν
622 369 677 454 εἷς.
708 379 842 445 εἵποντο
863 373 900 442 βλ
919 371 1035 454 αὐτοῖς
1052 377 1111 442 τοῦ
1128 398 1160 440 τε

82 509 84 513 ’
152 483 279 548 οἰκείου
300 484 385 548 λαοῦ
408 487 538 568 συχνοί,
560 481 836 570 πολυάνθρωπον
855 481 918 570 γάρ
944 479 986 567 δὴ
1005 481 1043 549 τὸ
1063 485 1160 557 ἔθνος

149 589 250 653 τοῦτο
284 588 414 673 λέγεται
440 584 512 654 κατ’
538 584 641 675 ἀρχάς
671 589 848 676 γενέσθαι,
878 590 1027 656 καὶτῶν
1051 586 1159 654 ἀλλων

110 688 322 779 4Ἑλλήνων
345 690 420 762 ὅσοι
443 693 557 782 χάραν
582 693 674 782 εἰχον
698 694 820 764 ἐλάττω
844 698 902 781 τῆς
926 698 1052 781 ίκανῆς.
1075 701 1159 761 Πευ-

123 800 259 878 ικέτιος
282 800 344 887 μὲν
369 792 443 886 οὖν,
467 806 553 869 ἔνθα
576 800 615 869 τὸ
638 805 773 888 πρῶτον
796 799 986 890 ὡρμίσαντο
1010 805 1070 888 της
1084 798 1161 867 Ἰτα-

150 910 241 990 λίας,
268 903 353 992 ὑπὲρ
381 905 484 994 ἀκρας
508 905 678 993 Ἰαπυγίας
706 907 884 995 ἐκβιβάσας
911 911 972 976 τὸν
995 905 1083 976 λεὼν
1105 902 1160 972 αὐ·
1175 927 1197 976 ιι

149 1014 211 1079 τοῦ
242 1011 479 1099 καθιδρύεται,
508 1015 564 1081 καί
596 1012 652 1080 ἀπ’
684 1013 788 1082 αὐτοῦ
822 1016 855 1081 οἰ
881 1015 957 1102 περὶ
988 1017 1093 1082 ταῦτα
1125 1011 1162 1079 τά

148 1121 254 1203 χωρία
283 1120 455 1198 οἰκοῦντες
477 1122 654 1188 Πευκέτιοι
682 1121 884 1207 ἐκλήθησαν.
932 1128 1103 1207 Οἰνωτρος
1127 1118 1162 1186 δὲ
1203 1157 1204 1200 3

148 1221 213 1310 τὴν
248 1229 351 1292 πλείω
386 1230 448 1294 τοῦ
484 1231 629 1315 στρατοῦ
666 1241 790 1314 μοῖραν
821 1225 988 1314 ἀγόμενος
1019 1231 1067 1306 εἰς
1102 1224 1161 1294 τὸν
1203 1247 1204 1316 3

110 1356 136 1395 10
151 1331 265 1415 ἕτερον
288 1329 478 1418 ἀφικνεῖται
499 1333 627 1402 κόλπον
649 1331 710 1401 τὸν
738 1331 803 1402 ἀπὸ
826 1338 895 1401 τῶν
920 1335 1083 1420 ἑσπερίων
1108 1360 1160 1420 με·
1203 1353 1204 1362 ’

150 1439 221 1522 ρῶν
242 1436 333 1525 παρὰ
354 1436 416 1526 τὴν
437 1437 581 1508 Ἰταλίαν
604 1438 844 1527 ἀναχεόμενον,
868 1437 906 1520 ὃς
918 1439 994 1509 τότε
1017 1439 1079 1526 μὲν
1094 1438 1162 1507 Αὐ-

149 1540 264 1622 σόνιος
287 1545 340 1611 ἐπὶ
362 1548 431 1612 τῶν
449 1545 725 1633 προσοικούντων
740 1544 909 1615 Αὐσόνων
932 1548 1074 1632 ἐλέγετο,
1094 1547 1164 1614 ἐπεὶ

149 1646 187 1715 δὲ
220 1651 389 1736 Τυρρηνοὶ
420 1652 736 1739 θαλασσοκράτορες
772 1653 946 1739 ἐγένοντο,
983 1655 1163 1739 μετέλαβεν

148 1749 191 1839 ἣν
216 1758 281 1840 ἔχει
304 1758 371 1822 νῦν
393 1764 635 1845 προσηγορίαν.

108 1885 133 1926 15
236 1861 309 1928 ΧΠ.
332 1860 455 1950 Εὑράιν
470 1863 508 1930 δέ
531 1863 645 1952 χώραν
667 1863 796 1952 πολλὴν
810 1865 872 1952 μὲν
887 1869 935 1946 εἰς
947 1863 1066 1951 νομάς,
1085 1873 1165 1932 πολ-

52 1963 73 2029 >
146 1962 211 2051 λην
235 1965 273 2034 δέ
296 1972 343 2046 εἰς
365 1966 508 2055 ἀρότους
531 1968 685 2055 εὔθετον,
709 1975 835 2058 ἔρημον
859 1971 897 2038 δὲ
918 1969 981 2058 τὴν
1003 1975 1166 2057 πλείστην

146 2071 202 2137 καὶ
235 2071 315 2140 οὐδὲ
344 2072 406 2161 τὴν
439 2077 643 2162 οἰκουμένην
670 2075 960 2164 πολυάνθρωπον,
990 2074 1166 2162 ἀνακαθή-

148 2203 208 2264 ρας
229 2175 268 2246 τὸ
290 2178 466 2267 βάρβαρον
489 2182 525 2247 ἐκ
548 2182 671 2269 μέρονς
688 2181 782 2263 τινὸς
803 2181 906 2271 αὐτῆς
926 2181 1027 2275 ᾤκισε
1050 2183 1168 2262 πόλεις

147 2280 266 2370 μικράς
292 2286 348 2352 καὶ
376 2301 526 2373 συνεχεῖς
553 2288 607 2355 ἐπὶ
633 2303 704 2368 τοῖς
732 2288 865 2377 ὄρεσιν,
894 2287 996 2375 ὅσπερ
1025 2282 1070 2376 ἦν
1093 2303 1168 2368 τοῖς
1204 2279 1205 2298 ¹

108 2417 135 2455 ιο
147 2397 302 2470 παλαιοῖς
322 2389 446 2478 τρόπος
476 2393 636 2480 οἰκήσεως
658 2394 821 2483 συνήθης.
858 2398 1006 2464 ἐκαλεῖτο
1030 2395 1069 2464 δὲ
1087 2394 1111 2483 ἥ
1129 2423 1169 2464 τε

148 2485 239 2584 χάρά
261 2502 351 2565 πάσα
373 2498 479 2586 πολλὴ
505 2492 590 2574 οάσα
613 2498 698 2588 όσην
721 2505 878 2588 κατέσχεν
904 2507 1085 2590 Οἰνωτρία,
1108 2503 1205 2570 καλε

149 2606 184 2671 οί
212 2601 391 2690 ἀνθρωποι
422 2605 544 2686 πάντες
577 2605 667 2675 όσων
700 2600 800 2694 ἦρξεν
834 2615 1013 2697 Οἴνωτροι,
1044 2614 1170 2697 τρίτην

148 2708 389 2796 μεταλαβόντες
412 2709 600 2798 ὀνομασίαν
622 2713 755 2799 ταύτην.
788 2714 840 2784 ἐπὶ
861 2713 923 2802 μὲν
942 2713 1007 2803 γάρ
1026 2719 1173 2796 Αἰζειοῦ

218 2971 285 3031 2τό
307 2974 392 3040 ἐθνος
410 2978 494 3033 τοῦτο
513 2982 538 3032 A
560 2979 644 3033 τοῦτο
663 2974 695 3033 τὸ
725 2977 852 3043 ἐθνοςΒ
916 2975 1123 3052 δάρμήσαντο
1144 2983 1175 3036 Β

147 3043 287 3118 ὡρμίσατο
311 3065 333 3103 ο.
356 3049 456 3104 Portus
547 3057 563 3104 6
589 3046 681 3120 ἀκρον
706 3047 841 3120 ἰαπυγίαν
863 3052 888 3105 D
919 3057 922 3119 Ι
953 3049 1119 3125 εἰςβιβάσας
1145 3054 1176 3108 Β

183 3114 394 3188 9ἰπαγόμενος
422 3135 444 3173 ο.
468 3120 624 3192 Κὶεεελίιις,
653 3121 741 3178 Cobet
764 3121 827 3176 Obs.
856 3139 885 3192 p.
908 3127 942 3177 22
1017 3132 1049 3180 12
1070 3123 1124 3181 ἐπὶ
1144 3125 1177 3178 Β

147 3185 248 3245 ἀπόΙί
320 3196 353 3244 13
378 3189 531 3263 μετέβαλεν
555 3192 591 3264 0,
620 3209 688 3249 corr.
714 3193 872 3262 Stephanus
894 3192 1049 3266 μετέβαλεν
1080 3193 1112 3258 ἐς
1144 3213 1176 3251 c.

145 3261 248 3316 Reiske
322 3267 355 3315 16
373 3257 551 3332 ἀρότρονςΒ
625 3271 657 3318 17
676 3259 866 3332 ἀνακαθήρας
884 3263 906 3315 Β
926 3259 1123 3354 ἀνακαθάρας
1144 3266 1180 3319 R

183 3338 216 3387 18
240 3326 338 3394 αάτοΐς
356 3333 381 3386 Α
402 3335 406 3401 1
427 3328 573 3402 ἀικησεΟ
600 3333 752 3404 praebeto
826 3341 858 3390 19
878 3329 965 3405 όσπερ
993 3337 1039 3393 Ba
1067 3355 1181 3406 ωςπερ

146 3404 223 3458 ABb
294 3409 329 3458 20
349 3401 475 3467 οἰκίσεως
493 3404 594 3460 Portus
614 3408 642 3459 et
660 3405 771 3460 Rifischl
788 3401 957 3475 οἰκήσεωςΟ
1013 3413 1048 3462 23
1064 3407 1179 3476 αἰζιοῦ

146 3474 223 3528 ABb
255 3473 355 3543 αἰζηοῦ
373 3474 420 3529 Ba
447 3473 560 3544 αἰζῇνος
573 3493 597 3530 ο.
612 3477 734 3547 Sylburg
