2396 3918
457 190 620 244 -B-
979 191 1042 256 161

53 349 126 418 εἶναι
143 355 205 420 τῶν
224 347 383 437 ὑστέρων.
415 357 642 440 μετεωρίζεται
658 349 722 438 γὰρ
737 349 802 421 ἀπὸ
816 355 885 420 τῶν
899 356 1045 439 βορείων

52 461 148 547 μερῶν
173 456 190 527 6
217 462 279 527 τοῦ
305 456 428 540 ἀξονος
453 457 570 546 πόλος,
596 461 672 546 περὶ
705 456 747 527 ὃν
775 456 796 546 ἡ
823 463 885 528 τοῦ
915 459 1046 547 κόσμου

53 564 163 653 στροφὴ
185 571 323 654 γίνεται,
345 566 401 634 καὶ
423 570 491 635 τῶν
519 568 618 635 πέντε
640 565 774 636 κύκλων
796 570 864 635 τῶν
894 566 1046 649 διεζωκό-

52 698 108 740 των
127 672 185 762 την
209 688 358 762 σφαῖραν
377 671 395 742 ὁ
415 672 625 761 καλούμενος
642 671 798 764 ἀρκτικὸς
815 671 867 741 ἀελ
885 676 964 762 τῇδε
983 699 1046 760 φα-

52 764 146 865 νερός·
179 784 396 850 ταπεινοῦται
420 779 452 848 δ’
473 779 539 850 ἀπὸ
562 785 631 849 τῶν
650 786 775 850 νοτίων
799 777 816 849 ὁ
840 779 1048 868 καλούμενος
1075 807 1087 846 σ

52 883 251 974 ἀνταρκτικὸς
286 887 408 968 κύκλος
442 885 577 975 ἀφανὴς
612 887 695 956 κατὰ
726 891 826 957 τοῦτο
864 885 901 955 τὸ
939 888 1049 974 μέρος,

54 991 124 1074 εἰκὸς
150 993 192 1082 δὴ
221 994 381 1084 κράτιστα
403 999 471 1064 τῶν
500 993 672 1082 οὐρανίων
699 995 755 1062 καὶ
778 999 967 1083 μεταρσίων
991 1005 1089 1080 ση-4

55 1105 138 1184 μείων
159 1099 336 1190 ὑπάρχειν,
355 1099 418 1170 ὅσα
440 1104 475 1170 ἐκ
493 1106 555 1172 τοῦ
570 1107 749 1190 κρατίστου
768 1107 895 1188 γίνεται
915 1103 1048 1189 μέρους,

57 1207 148 1296 ἐπειδὴ
183 1208 220 1276 δὲ
251 1207 292 1278 τά
323 1208 386 1297 μὲν
423 1211 634 1297 ἐστραμμένα
669 1207 753 1298 πρὸς
788 1207 847 1289 τὰς
883 1206 1050 1287 ἀνατολὰς

53 1309 325 1405 ἡγεμονικωτέραν
354 1329 478 1405 μοῖραν
507 1321 572 1404 ἔχει
602 1320 671 1385 τῶν
699 1321 968 1404 προσεσπερίων,
991 1314 1050 1383 αῦ-
1065 1341 1092 1382 ιο

52 1424 106 1488 τῶν
128 1425 169 1492 6έ
185 1450 226 1518 γε
248 1427 317 1492 τῶν
341 1421 551 1492 ἀνατολικῶν
570 1421 761 1511 ὑψηλότερα
784 1420 824 1491 τὰ
841 1422 960 1511 βόρεια
982 1426 1051 1492 τῶν

51 1534 173 1616 νοτίων,
190 1535 295 1598 ταῦτα
316 1525 361 1598 ἀν
384 1538 435 1616 είη
458 1528 625 1617 κράτιστα.
663 1526 707 1610 ῶς
731 1532 771 1598 δέ
785 1556 875 1609 τινες
898 1532 1052 1616 ίστοροῦ-
1071 1537 1092 1603 5

51 1651 97 1702 σιν
119 1639 154 1706 ἐκ
176 1641 322 1706 παλαιοῦ
340 1664 375 1706 τε
393 1638 449 1705 καὶ
470 1638 551 1725 πρὶν
574 1634 594 1725 ἢ
614 1634 703 1724 παρὰ
722 1640 908 1725 Τυρρηνῶν
927 1645 1053 1724 μαθεῖν

14 1755 114 1822 λεκτοῖς
130 1741 303 1832 Ῥωμαίων
321 1744 504 1833 προγόνοις
526 1753 631 1813 αίσιοι
651 1747 843 1832 ἐνομίζοντο
867 1747 905 1812 ac
926 1745 962 1812 ἐκ
984 1747 1053 1812 τῶν

49 1843 225 1939 ἀριστερῶν
257 1849 432 1941 ἀστραπαί.
475 1849 638 1943 Ἀσκανίῳ
671 1850 735 1938 γὰρ
767 1854 812 1942 τῶ
846 1853 879 1932 ἐξ
912 1855 1055 1920 Αίνείου
1070 1875 1095 1916 15

50 1957 208 2045 γεγονότι,
234 1957 314 2026 καθ’
341 1955 383 2028 ὃν
415 1959 543 2048 χρόνον
572 1955 638 2028 ὑπὸ
671 1963 874 2048 Τυρρηνῶν,
907 1955 967 2038 οῦς
995 1950 1056 2046 ἦγε

49 2064 198 2145 βασιλεὺς
216 2068 419 2152 Μεσέντιος,
438 2069 629 2154 ἐπολεμεῖτο
647 2067 704 2134 καὶ
727 2065 880 2153 τειχήρης
898 2057 957 2153 ἦν,
980 2065 1056 2153 περὶ

51 2167 106 2255 τὴν
127 2177 319 2241 τελευταίαν
343 2174 474 2259 ἔξοδον,
495 2170 538 2260 ἣν
557 2170 758 2260 ἀπεγνωκὼς
776 2173 842 2259 ἤδη
864 2176 934 2240 τῶν
952 2195 1057 2258 πραγ-

51 2275 157 2360 μάτων
180 2283 295 2366 ἔμελλε
317 2289 508 2366 ποιεῖσθαι,
531 2278 601 2367 μετ’
623 2279 823 2368 ὀλοφυρμοῦ
845 2277 906 2349 τόν
928 2306 964 2348 τε
989 2286 1057 2349 Δία

52 2384 194 2465 καὶτοὺς
213 2383 337 2466 ἀλλους
354 2388 543 2478 αίτουμένφ
561 2385 667 2468 θεοὺς
684 2396 777 2456 αίσια
796 2401 916 2474 σημεία
935 2391 1058 2456 δοῦναι
1072 2417 1099 2457 το
1173 2463 1179 2474 ,

52 2514 106 2574 της
131 2491 250 2572 ἐξόδου
277 2495 383 2580 φασὶν
412 2519 432 2560 α
435 2499 549 2580 ίθρίας
578 2492 699 2624 ρῦσης
715 2496 751 2562 ἐκ
776 2497 846 2563 τῶν
871 2492 1058 2581 ἀριστερῶν

54 2591 212 2684 ἀστράφαι
238 2597 300 2667 τὸν
329 2597 487 2706 οὐρανόν.
533 2603 594 2670 τοῦ
623 2598 699 2667 δ”
681 2604 813 2686 αγῶνος
840 2604 973 2670 ἐκείνου
1003 2609 1060 2669 λα-

55 2701 221 2786 βόντος
186 2732 226 2774 το
249 2705 429 2794 κράτιστον
452 2709 548 2787 τέλος
571 2710 741 2795 όιαμειναι
764 2706 854 2795 παρὰ
876 2721 947 2787 τοις
969 2707 1060 2794 ἐκγό-

55 2834 120 2891 νοις
141 2811 246 2882 αῦτοῦ
268 2812 492 2901 νομιζόμενον
515 2823 629 2882 αίσιον
652 2812 785 2883 τόδε
752 2842 790 2883 το
815 2828 964 2902 σημείου.

134 2921 191 2987 VI.
228 2918 311 2988 Τότε
334 2912 427 2986 δ’
388 2947 451 2988 ουν
476 2917 493 2988 ὁ
512 2919 683 3008 Ῥωμύλος
702 2919 815 3008 ἐπειδὴ·
833 2919 874 2990 τά
891 2919 981 3007 παρά
999 2926 1061 2990 τοῦ
1075 2949 1101 2990 σε

57 3023 228 3112 δαιμονίου
255 3028 376 3113 βέβαια
402 3030 604 3114 προσέλαβε,
633 3030 840 3113 συγκαλέσας
862 3025 922 3096 τὸν
951 3032 1060 3116 δῆμον

122 3191 135 3238 1
155 3187 353 3256 μετεωρίζεται
367 3185 403 3242 ’δὲ
427 3188 474 3242 vel
485 3185 534 3274 δὴ
553 3189 599 3242 vel
623 3181 661 3242 αὖ
687 3187 847 3257 stephanus
919 3193 935 3240 3
955 3189 1062 3251 διεζωι

61 3247 180 3311 κότωνΒ
265 3264 336 3312 4-6
320 3260 451 3314 Gverba
476 3253 571 3313 ἀεὶ-
536 3255 718 3348 -ἀρκτικος
740 3277 795 3314 om.
817 3259 864 3312 Βει
891 3255 954 3312 add
973 3255 1061 3344 Bmg

93 3329 107 3376 6
123 3329 221 3383 νοτιων
240 3326 327 3383 καὶ
315 3349 331 3383 ο
350 3325 564 3400 καλοῦμενος”
544 3349 676 3399 αρκτικος
693 3331 775 3400 Bmg
851 3335 867 3383 9
886 3326 1064 3398 τετραμμένα

65 3395 191 3454 ecobet
213 3398 327 3470 0bs.p
330 3407 396 3456 ,40
479 3407 512 3455 17
536 3400 744 3488 μεσσέντιοςΑ
831 3407 866 3454 20
884 3404 986 3468 σημεῖα
1014 3399 1064 3486 της

68 3458 153 3528 ἐξόδου
172 3472 275 3526 δουναι
293 3471 316 3525 Β
388 3478 423 3526 23
443 3468 572 3541 ἐκγόνοις
589 3472 667 3526 AbB
686 3467 814 3542 ἐγγόνοις
832 3474 881 3525 Aa

109 3574 200 3620 onm.
214 3580 281 3620 Ηκτι.
299 3580 364 3620 Ι.ιο
366 3581 487 3621 .υτ.σεοο
870 3562 901 3610 ῙῙ
