2412 3912
465 239 631 293 -A-
1014 235 1055 302 75

57 425 107 478 τας
125 394 264 485 Ἀχαιοῖς
285 397 326 468 τά
345 399 507 489 φρούρια·
528 397 678 488 Ἀχαιοῦς
693 398 730 467 δὲ
744 411 927 487 παρασχεῖν
942 395 1056 478 αὐτοῖς

57 505 109 592 τὴν
129 503 316 594 ἀσφάλειαν
339 509 372 590 έξ
395 503 525 594 ἁπάσης
543 504 625 594 ὅσης
644 505 807 595 ἐκράτουν
830 507 892 592 γῆς
914 505 969 571 καὶ
992 513 1056 572 θα-

58 611 163 699 λάττης
195 611 332 682 ἀπιοῦσι
363 611 446 681 κατὰ
477 612 535 693 τὰς
572 610 761 701 ὁμολογίας.
807 609 988 697 δεξάμενος
1018 611 1096 684 θὲῦ

55 722 143 786 ταῦτα
166 722 305 800 Αἰνείας
326 719 382 787 καὶ
405 725 547 807 νομίσας
570 721 605 787 έκ
632 723 700 788 των
724 718 873 788 ἐνόντων
896 716 1055 802 κράτιστα

55 822 128 892 εἶναι
155 822 334 894 Ἀσκάνιον
366 825 428 913 μὲν
460 823 520 894 τὸν
555 825 787 912 πρεσβύτατον
818 827 887 892 τόν
923 828 1083 898 παίδωνε

58 937 159 1018 ἔχοντα
182 935 244 1001 τοῦ
272 937 483 1021 συμμαχικοῦ
509 959 586 1002 τινα
609 947 748 1023 μοῖραν,
770 922 811 1019 ἧς
836 931 988 1019 Φρῦγλον
1011 921 1055 1018 ἦν

56 1036 85 1106 τὸ
102 1045 266 1125 πλεῖστον,
290 1044 338 1119 είς
358 1037 421 1125 τὴν
436 1047 644 1109 Δασκυλῖτιν
666 1041 879 1126 καλουμένην
902 1042 979 1124 γῆν,
1003 1042 1055 1106 ἒν-

59 1154 97 1213 θα
120 1146 211 1215 έστὶν
244 1144 264 1233 ἡ
294 1145 450 1215 Ἀσκανία
482 1151 599 1235 λίμνη,
632 1147 861 1235 μετάπεμπτον
893 1141 958 1214 ὑπὸ
986 1147 1055 1214 τῦν

54 1255 212 1342 ἐγχωρίων
244 1253 431 1340 γενόμενον
463 1254 516 1322 έπλ
542 1260 696 1345 βασιλείᾳ
727 1259 788 1323 τοῦ
821 1258 947 1332 ἔθνους
974 1249 1055 1320 άπο-

52 1363 174 1447 πέμπει·
198 1360 254 1427 καί
277 1358 407 1451 ᾤκησεν
428 1358 600 1440 Ἀσκάνιος
623 1360 746 1430 αὐτόθι
765 1360 891 1449 χρόνον
913 1356 989 1427 τινὰ
1014 1355 1056 1426 οὐ
1070 1389 1097 1429 ιο

50 1466 156 1534 πολύν.
204 1465 379 1534 ἐλθόντων
406 1465 445 1534 δὲ
473 1463 517 1546 ὡς
548 1464 652 1535 αὐτὸν
676 1469 921 1553 Σκαμανδρίου
943 1491 978 1534 τε
1001 1466 1057 1533 καλ

13 1577 115 1640 λΙλτάν
145 1571 261 1640 άλλων
287 1569 491 1661 Ἕκτοριθῶν
519 1570 712 1660 ἀφειμένων
744 1575 780 1641 έκ
811 1576 870 1658 τῆς
896 1567 1057 1651 Ἑλλάδος

48 1677 105 1747 ῦπὸ
127 1680 384 1766 Νεοπτολέμου,
407 1678 561 1765 κατάγων
589 1677 712 1759 αὐτοῦς
735 1679 787 1747 ἐπὶ
810 1674 873 1763 τὴν
896 1676 1055 1770 πατρῴαν

48 1783 145 1873 ἀρχὴν
170 1790 218 1866 είς
237 1791 360 1874 Τροίαν
383 1783 580 1872 ἀφικνεῖται.
617 1785 771 1870 καὶπερὶ
795 1783 857 1872 μὲν
877 1781 1055 1852 Ἀσκανίον
1075 1799 1095 1863 6

47 1895 185 1960 τοσαῦτα
207 1893 351 1977 λέγεται·
374 1890 452 1971 τοὺς
467 1891 504 1959 δέ
518 1890 641 1972 ἄλλους
659 1895 781 1972 παῖδας
796 1893 933 1970 Αίνείας
950 1914 1056 1978 παρα·
1071 1921 1096 1963 15

45 1997 153 2084 λαβὼν
182 1999 238 2066 καλ
265 1995 326 2066 τὸν
353 2001 477 2084 πατέρα
504 1999 560 2067 καὶ
586 1997 627 2066 τὰ
661 2000 720 2085 ἔθη
750 2001 820 2066 τῶν
841 1998 947 2080 θεῶν,
970 1996 1056 2064 έπει-

47 2102 82 2190 δὴ
104 2102 362 2191 παρεσκευάσθη
386 2101 424 2172 τὸ
447 2103 610 2174 ναυτικὸν
630 2102 730 2196 αὐτῷ,
755 2107 889 2172 διαπλεῖ
909 2099 969 2170 τὸν
983 2099 1056 2170 Ἑλ-

46 2209 232 2296 λήσποντον
260 2209 313 2278 έπὶ
340 2212 399 2297 τῆς
422 2215 555 2298 ἔγγιστα
583 2213 736 2298 κειμένης
758 2207 968 2298 χερρονήσου
994 2206 1055 2276 τόν

46 2320 148 2386 πλοῦν
180 2315 403 2403 ποιούμενος,
434 2311 456 2403 ἢ
488 2316 659 2402 πρόκειται
696 2315 757 2403 μὲν
789 2319 847 2402 τῆς
880 2313 1056 2402 Εὐρώπης,

46 2431 188 2491 καλεῖται
213 2421 251 2490 δέ
274 2423 446 2510 Παλλήνη.
483 2428 586 2502 ἔθνος
610 2420 641 2489 θ’
667 2420 754 2509 εἶχεν
779 2419 884 2508 αὐτὴν
907 2421 1056 2512 Θρᾴκιον
1070 2451 1097 2492 το

12 2547 46 2596 1ιο
55 2530 227 2618 σύμμαχον
246 2536 442 2618 Κρουσαῖον
464 2529 675 2618 καλούμενον
698 2527 858 2598 ἁπάντων
882 2527 1056 2616 προθυμό-

48 2663 143 2705 τατον
166 2639 235 2705 τῶν
259 2638 504 2724 συναραμένων
523 2634 637 2716 αὐτοῖς
654 2640 715 2704 τοῦ
737 2639 895 2724 πολέμου.

108 2743 325 2810 XXXXVIII.
343 2739 378 2809 Ὁ
401 2741 462 2830 μὲν
487 2734 550 2810 οῦν
573 2741 768 2821 πιστότατος
790 2746 859 2810 τῶν
883 2742 1006 2829 λόγων,
1029 2734 1056 2836 ᾧ

49 2852 195 2938 κέχρηται
218 2851 287 2917 τῶν
309 2853 463 2917 παλαιῶν
479 2850 703 2936 συγγραφέων
722 2846 918 2929 Ἑλλάνικος
931 2850 969 2917 έν
986 2863 1057 2929 τοῖς

112 3086 129 3133 2
147 3074 294 3148 θαλάσσης
312 3081 334 3133 Β
415 3085 431 3134 8
451 3077 468 3150 ἡ
493 3075 617 3135 άσκανία
636 3110 669 3120 -
690 3081 818 3204 ἓασιλείρι
836 3083 861 3133 Α
880 3079 910 3134 in
929 3079 1056 3150 margine

49 3157 77 3204 12
96 3145 259 3220 ἀφειμένων
278 3168 301 3204 ο.
321 3150 444 3222 Sylburg
476 3147 686 3221 άφιχμένωνΑ
720 3151 738 3204 b
767 3147 927 3221 ἀφιγμένω
945 3152 992 3206 Ba
1024 3146 1057 3205 έκ

47 3222 91 3290 τῆς
101 3216 233 3283 Ἑλλάδος
248 3215 414 3306 ἀφειμένων
428 3239 451 3277 ο.
461 3221 567 3292 Kayser
580 3224 652 3276 Ann.
667 3222 736 3291 phil.
753 3228 820 3277 1863
836 3239 863 3291 p.
880 3229 896 3276 6
952 3227 985 3276 13
1000 3215 1056 3276 ῦπὸ

49 3293 97 3346 AB
125 3287 199 3359 παρά
230 3309 252 3346 ο.
272 3293 402 3348 Memeke
494 3299 526 3348 16
546 3293 595 3347 καὶ
613 3288 661 3364 τά]
680 3287 716 3346 τὰ
735 3293 780 3347 Βο
854 3298 886 3346 19
907 3286 1057 3360 Εῦρωπίης

49 3381 68 3417 ο.
87 3364 123 3417 Is.
139 3362 209 3417 Voss
229 3365 266 3419 ad
282 3365 380 3434 Pomp.
395 3355 499 3420 Melafn
516 3365 542 3418 II
561 3370 577 3418 2
600 3381 628 3433 p.
644 3368 695 3418 687
717 3359 830 3438 Θρᾴκης
849 3381 872 3417 ο.
888 3361 977 3417 Cobet
991 3362 1056 3418 Obs.

49 3453 72 3504 p.
90 3441 124 3488 31
206 3439 241 3490 20
265 3429 357 3504 αὐτὴν
382 3434 504 3492 Sintenis
526 3436 587 3490 Em.
612 3435 692 3489 Dion'.
716 3435 730 3488 Ι
760 3453 788 3502 p.
807 3439 842 3487 30
874 3427 948 3500 αῦτη
972 3435 997 3488 A
1026 3429 1058 3488 έν

51 3501 161 3576 αότῇΒ
193 3505 198 3572 λ
231 3500 375 3578 θράκκιον
392 3509 418 3561 A
489 3512 521 3560 21
542 3509 693 3559 κλονσαῖον
712 3508 736 3557 Α
