2404 3918
138 156 205 224 374
566 159 732 210 -Γ-

137 319 269 388 πόλεων
292 315 375 385 κατά
398 315 500 386 τάσδε
526 313 587 396 τάς
610 313 791 403 ὁμολογίας
818 311 837 383 ὁ
859 311 1016 400 βασιλεὺς
1037 311 1148 399 κύριος

138 427 363 494 ἐπιεικέστατα
380 422 504 504 πάσαις
517 423 733 511 προσηνέχθη
753 423 809 490 καί
827 421 1041 510 μετριώτατα.
1079 419 1150 489 οὔτε

118 532 203 622 ·γδιρ
235 529 430 602 ἀπέκτεινεν
462 529 541 600 οὔτε
572 528 713 618 φεύγειν
743 526 936 617 ἠνάγκασεν
968 527 1047 598 οὐτε
1081 527 1151 616 χρῆ-

138 659 241 728 μασιν
269 640 428 727 ἐζημίωσε
451 641 611 706 Λατίνων
638 634 765 706 οὐδένα
793 640 860 724 γῆν
881 663 916 705 τε
940 634 1057 717 αὐτοῖς
1078 663 1150 722 καρ-

111 752 290 816 εποῦσδαι
316 744 381 832 τῆν
411 745 540 814 έαυτών
568 744 726 830 ἐπέτρεψε
753 744 809 811 καὶ
837 743 1057 830 πολιτεύμασι
1080 745 1151 833 χρῆ-

137 863 265 924 σασδαι
291 865 363 932 τοῖς
389 856 542 938 πατρίοις
570 853 711 939 ἐφῆκεν,
747 849 939 920 ἀποδοῦναι
965 851 1005 919 δὲ
1033 850 1150 932 αὐτούς

137 962 290 1030 ἐκέλευσε
319 956 497 1046 Ῥωμαίοις
535 959 617 1039 τούς
655 984 692 1027 τε
733 955 945 1046 αὐτομόλους
983 960 1041 1026 καὶ
1079 959 1150 1039 τοὺς

137 1066 368 1156 αἰχμαλώτους
394 1063 479 1134 ἄνευ
511 1065 643 1153 λύτρων
674 1063 889 1154 θεράποντάς
920 1091 957 1134 τε
990 1065 1147 1135 ἀποκατα-

138 1179 258 1262 στῆσαι
279 1187 350 1254 τοῐς
374 1172 552 1253 δεσπόταις
578 1170 670 1241 ὅσων
698 1172 855 1259 ἐγένοντο
883 1171 968 1240 κατὰ
995 1171 1056 1253 τὰς
1077 1198 1145 1258 προ

98 1313 125 1355 ιο
138 1281 244 1370 νομδις
270 1280 383 1369 κύριοι
411 1280 468 1348 καὶ
494 1279 646 1367 χρήματα
674 1278 739 1348 ὅσα
765 1278 845 1360 τούς
867 1277 1042 1368 γεωργοὺς
1065 1277 1143 1368 άφελ

137 1397 238 1458 λοντο
263 1390 422 1456 διαλῦσαι
444 1387 500 1454 καλ
523 1395 557 1455 εί
574 1413 607 1456 τι
626 1385 708 1455 άλλο
728 1389 941 1473 κατέβλαψαν
964 1383 986 1475 ῆ
1008 1389 1137 1475 διέφθει-

98 1502 119 1567 3
138 1521 203 1585 ραν
225 1496 263 1563 έν
285 1507 358 1573 ταῖς
380 1497 550 1580 εἰσβολαῖς
577 1495 826 1582 ἐπανορθῶσαι.
866 1498 972 1562 ταῦτα
1004 1495 1045 1564 δέ
1064 1493 1131 1580 τοιῆ·

137 1619 261 1682 σαντας
284 1599 372 1669 εἶναι
390 1605 513 1689 φίλους
531 1597 705 1688 Ῥωμαίων
728 1605 785 1668 καὶ
804 1599 1004 1689 συμμάχους
1027 1600 1141 1670 ἅπαντα

137 1707 342 1795 πράττοντας
364 1706 429 1776 ὅσα
448 1702 491 1776 άν
511 1709 633 1776 ἐκείνοι
650 1707 843 1778 κελεύωσιν.
889 1705 907 1776 ὁ
927 1708 992 1795 μέν
1012 1707 1056 1796 δῆ
1076 1709 1148 1794 πρὸς

98 1837 124 1880 ιε
136 1820 306 1896 Λατίνους
325 1818 449 1896 συστὰς
462 1812 639 1902 Ῥωμαίοις
656 1814 802 1902 πόλεμος
820 1819 868 1896 είς
885 1818 986 1886 τούτο
1006 1816 1045 1886 τό
1066 1819 1150 1896 τέλος

136 1923 336 2009 κατέσκηψε,
364 1924 421 1990 καὶ
448 1919 606 2008 βασιλεὺς
632 1921 818 2010 Ταρκύνιος
844 1923 905 1992 τὸν
932 1925 1101 1994 ἐπινίκιον
1123 1926 1152 1993 έκ

136 2032 198 2097 τού
222 2029 371 2115 πολέμου
388 2027 513 2098 τούτου
534 2028 701 2116 κατήγαγε
722 2034 904 2117 θρίαμβον.

67 2127 72 2138 ’
227 2137 295 2203 LV.
336 2139 389 2224 Τῷ
419 2132 450 2203 δ’
479 2137 554 2223 ἑξῆς
583 2140 648 2204 ἔτει
669 2135 880 2225 παραλαβών
911 2163 974 2226 την
1003 2137 1177 2226 δόναμινεο

138 2244 191 2312 έπὶ
216 2248 390 2331 Σαβίνους
416 2236 498 2330 ῆγεν
528 2244 563 2311 ἐκ
586 2247 715 2312 πολλοῦ
743 2240 807 2330 τῆν
828 2249 1028 2330 προαίρεσιν
1049 2243 1153 2314 αὐτοῦ

98 2370 125 2412 ιο
138 2351 194 2418 καὶ
222 2349 284 2438 τῆν
311 2348 527 2436 παρασκευὴν
555 2347 618 2436 τῆν
646 2347 700 2437 ἐφ’
727 2349 868 2431 έαντούς
893 2353 1153 2438 προεγνωκότας.

138 2455 202 2545 οὐχ
223 2455 466 2543 ὑπομείναντες
491 2455 530 2524 δέ
553 2461 601 2537 εἰς
622 2455 686 2543 τῆν
709 2456 841 2526 έαντών
862 2456 976 2546 χώραν
999 2471 1154 2544 παρεῖναι

137 2563 198 2632 τὸν
235 2562 398 2650 πόλεμον,
440 2560 516 2632 ἀλλ’
551 2560 965 2652 ἀντιπαρασκευασάμενοι
1007 2563 1152 2652 δύναμιν

140 2666 259 2756 έκανῆν
287 2667 438 2756 ἐχώρουν
467 2667 581 2757 ὁμόσε.
630 2671 815 2759 γενομένης
841 2669 880 2740 δέ
907 2670 1024 2752 αὐτοῖς
1049 2672 1153 2758 μάχης

138 2772 276 2862 περὶτὰ
299 2774 445 2862 μεθόρια
472 2780 532 2863 τῆς
558 2775 670 2865 χώρας
696 2775 774 2866 ἄχρι
802 2776 926 2858 νυκτὸς
948 2781 1072 2847 ἐνίκων
1095 2778 1151 2866 μὲν

99 2902 125 2944 ιε
141 2878 327 2968 οὐδέτεροι,
364 2881 457 2952 πάνυ
495 2880 527 2950 δ’
564 2887 709 2973 ἰσχυρῶς
750 2882 919 2972 έπόνησαν
959 2882 1149 2973 ἀμφότεροι.

99 2993 210 3068 2ταῖς
232 2993 318 3075 γοῦν
342 2988 417 3076 ἑξῆς
439 2986 580 3078 ῆμέραις
603 2988 680 3060 οὐτε
704 2986 722 3059 ὁ
746 2994 815 3060 τών
834 2995 997 3079 Σαβίνων
1020 2989 1148 3079 ἡγεμών

138 3098 286 3182 προῆγεν
317 3098 354 3164 ἐκ
369 3121 372 3126 ’
385 3100 447 3165 τοῦ
480 3096 625 3185 χάρακος
657 3096 715 3179 τὰς
744 3097 904 3186 δυνάμεις
932 3096 1010 3183 οὔτε
1038 3094 1055 3166 ὁ
1083 3100 1146 3166 τόν

138 3325 162 3360 ε.
176 3238 866 3380 ,θεέΜέέςιῗρῗῆλΒεΚιέῆιῖέῖοέὶῗέῆέὲ
881 3239 1144 3380 ww&

140 3391 193 3427 σαν
213 3373 238 3427 Α
301 3383 334 3430 27
353 3379 498 3446 προῆγεΒ
517 3380 641 3448 προσῆγε
655 3381 681 3436 R
696 3383 702 3450 Ι
716 3379 769 3444 τάς
786 3381 923 3452 δυνάμεις
943 3377 975 3436 ἐκ
994 3383 1044 3437 τοῦ
1062 3376 1142 3451 χάρα-

140 3460 190 3504 κος
208 3443 232 3498 Ο
250 3448 361 3512 praeter
378 3447 401 3500 B
579 3453 581 3464 '
