2396 3918
460 230 627 282 -Α,

61 389 210 472 λαβοῦσαν
241 383 365 466 αύτούς
390 385 496 473 τύχην
523 386 580 455 καί
607 385 763 473 φήσαντα
788 392 955 474 τιμωρίαν
987 397 1052 456 νῦν

60 501 88 560 εί
100 505 168 560 τοτε
190 490 312 579 καιρὸν
335 488 424 560 εἶναι
446 497 579 578 λαβεῖν,
610 490 728 560 αύτίκα
755 492 964 580 ποιήσασθαι
987 491 1052 561 σῦν

59 602 94 689 τό
117 603 297 690 νομευτικῷ
325 599 450 686 πλῆθει
478 597 540 687 τῆν
573 601 737 669 ἐτίθεσαν.
785 601 862 689 περὶ
893 599 956 688 μὲν
989 591 1052 668 οῦν

57 707 197 790 γενέσεως
222 707 281 774 καὶ
302 710 432 794 τροφῆς
452 710 522 775 των
541 710 699 775 οἰκιστῶν
721 711 781 794 τῆς
797 704 925 795 Ῥώμης
947 711 1050 776 ταῦτα

9 869 10 875 ,
58 813 173 897 λέγεται.
1078 848 1091 888 5

126 937 287 1004 LXXXV.
332 935 380 1004 Τά
408 935 446 1004 δὲ
477 935 562 1004 κατὰ
592 934 655 1025 τῆν
682 941 792 1005 κτίσιν
821 933 926 1024 αύτῆν
955 935 1052 1023 γενό-

58 1067 123 1126 μονα
142 1043 258 1132 (τοῦτο
281 1041 347 1131 γὰρ
369 1048 417 1112 ἔτι
441 1069 499 1130 μοι
521 1041 559 1111 τό
583 1044 684 1133 μέρος
709 1046 769 1130 τῆς
790 1046 924 1132 γραφῆς
946 1047 1051 1111 λείπε-

60 1149 109 1238 ται)
126 1153 193 1218 νῦν
218 1155 356 1238 ἔρχομαι
379 1148 632 1237 διηγησόμενος.
674 1147 787 1236 ἐπειδὴ
810 1147 875 1237 γὰρ
895 1146 1052 1237 Ἀμολίου

58 1255 293 1344 τελευτησαντος
316 1253 527 1326 ἀνενεώσατο
551 1254 741 1344 τὴνάρχὴν
765 1253 783 1324 ὁ
802 1258 963 1344 Νεμέτωρ
982 1254 1051 1324 ὀλί-

54 1385 101 1442 γον
121 1361 266 1449 ἐπισχὼν
289 1361 426 1452 χρόνον,
446 1366 483 1432 ἐν
502 1355 529 1455 ᾦ
547 1361 610 1449 τῆν
628 1362 729 1432 πόλιν
752 1364 788 1432 ἐκ
809 1367 868 1449 τῆς
885 1362 1051 1452 πρότερον
1066 1397 1092 1436 ιο

53 1466 216 1555 ἐναγούσης
237 1466 401 1557 ἀκοσμίας
429 1473 476 1550 είς
498 1467 560 1539 τὸν
587 1467 730 1557 ἀρχαῖον
757 1469 890 1558 ἐκόσμει
912 1469 1051 1556 τρόπον,

51 1569 138 1654 εῦθῦς
160 1574 293 1645 ἐπενόει
314 1591 386 1657 τοῖς
414 1571 599 1665 μειρακίοις
621 1581 714 1644 ἰδίαν
741 1573 850 1664 ἀρχὴν
873 1596 1051 1645 κατασκευ-

49 1677 115 1748 ἀσαι
136 1683 255 1770 ἑτέραν
278 1682 379 1752 πόλιν
403 1688 541 1764 οίκίσας.
573 1681 641 1771 ἅμα
666 1683 704 1752 δέ
721 1685 777 1752 καὶ
795 1687 858 1752 τοῦ
875 1688 1049 1752 πολιτικοῦ
1069 1701 1089 1764 2

13 1785 192 1872 λαοτλῆδους
214 1790 369 1857 ἐπίδοσιν
393 1795 441 1868 είς
462 1786 647 1878 εὐανδρίαν
674 1789 851 1877 ἐσχηκότος
874 1789 1050 1858 ἀπαναλῶ-

47 1899 96 1960 σαί
118 1921 148 1962 τι
174 1899 285 1976 καλός
313 1901 401 1984 ἐχειν
429 1894 528 1988 φ’όετο,
559 1897 616 1964 καί
643 1897 785 1983 μάλιστα
813 1896 851 1966 τὸ
881 1897 1049 1985 διάφορον
1064 1929 1090 1969 15

47 1997 122 2092 αύτῷ
143 2025 226 2071 ποτε
246 2001 446 2089 γενόμενον,
464 2001 511 2083 ὡς
528 2001 573 2090 μὴ
598 2000 643 2070 δι’
663 2000 812 2085 ὑποψίας
830 2002 953 2082 αύτούς
971 2009 1051 2091 ἔχοι.

11 2167 12 2170 ,
44 2109 284 2197 κοινωσάμενος
318 2109 356 2178 δὲ
387 2124 459 2188 τοῖς
495 2113 694 2197 μειρακίοις,
732 2107 847 2197 ἐπειδὴ
883 2109 1051 2189 κάκείνοις

45 2211 149 2302 ἐδόκει,
174 2220 320 2286 δίδωσιν
345 2214 461 2296 αὐτοῖς
482 2221 589 2304 χωρία
612 2215 674 2302 μὲν
699 2205 748 2283 ὧν
766 2214 939 2302 ἀρξουσιν,
963 2221 1050 2283 ἔνθα

43 2325 145 2402 παῖδες
163 2321 262 2402 ὄντες
280 2323 486 2410 ἐτράφησαν,
505 2326 541 2391 ἐκ
555 2321 594 2390 δέ
611 2326 673 2391 τοῦ
692 2321 755 2391 aa&
771 2320 833 2390 τόν
852 2349 886 2391 τε
905 2320 951 2389 δι’
967 2319 1049 2390 ῦπο-

42 2431 109 2506 νίας
125 2427 219 2520 αύτῷ
240 2428 439 2516 γενόμενον,
460 2425 498 2508 ὃς
517 2434 630 2516 ἔμελλε
649 2432 877 2515 νεωτερισμοῦ
896 2433 1050 2508 εἰσαῦθις
1064 2459 1090 2497 εο

44 2526 153 2621 ἀρξειν,
176 2537 235 2604 καὶ
259 2545 293 2604 εί
310 2561 343 2604 τι
366 2534 522 2604 ἑκούσιον
545 2532 779 2622 ἀπαναστῆναι
802 2533 968 2620 ἐβούλετο.
1004 2526 1048 2621 ῆν
1069 2549 1089 2612 3

43 2636 72 2704 δὲ
92 2641 128 2710 ἐν
149 2641 289 2722 τούτοις
310 2639 399 2710 πολὺ
422 2640 484 2729 μὲν
509 2639 621 2730 ὥσπερ
644 2639 732 2722 είκῦς
755 2644 792 2709 ἐν
815 2639 911 2709 πόλει
934 2666 1049 2709 κινου-

44 2747 112 2835 μένη
135 2747 174 2818 τὸ
201 2749 386 2837 δημοτικὸν
409 2751 522 2835 γένος,
550 2747 670 2818 ίκανὸν
699 2747 737 2817 δέ
758 2748 815 2816 καὶ
837 2745 876 2816 τὸ
900 2745 965 2816 ἀπὸ
988 2751 1050 2816 τοῦ

42 2862 211 2941 κρατίστου
228 2854 414 2944 γνύριμον,
433 2858 469 2924 ἐκ
492 2854 531 2923 δὲ
548 2859 610 2924 τοῦ
628 2857 780 2943 Τρωικοῦ
796 2852 836 2922 τδ
856 2851 1049 2940 εὐγενέστα-

43 2983 91 3028 τον
112 2960 155 3050 δὴ
180 2961 416 3049 νομιζόμενον,
440 2963 473 3043 ἐξ
496 2955 539 3031 ού
556 2962 612 3029 καλ
631 2965 747 3047 γενεαί
760 2986 851 3038 τινες
869 2964 917 3028 ἔτι
935 2963 1048 3047 περιῆ-
1063 2991 1089 3031 ιε
1188 3049 1189 3056 ¹

43 3083 94 3134 οαν
116 3073 165 3148 είς
190 3069 259 3156 ἐμέ,
278 3068 486 3156 πεντήκοντα
509 3065 640 3155 μάλιστ’
663 3065 758 3136 οἶκοι.
801 3069 991 3154 ἐχορηγεῖτο
1011 3065 1049 3134 δὲ

100 3287 115 3334 1
139 3277 277 3351 φήσαντα
300 3283 436 3351 τιμωρίαν
459 3282 483 3335 Β
497 3302 563 3368 τιμ.
588 3277 655 3350 φῆσ.
678 3283 704 3336 R
785 3287 801 3335 9
826 3274 1048 3336 ἀνενεωσατοΟ

42 3342 237 3408 ῦνεσιόσατου.
256 3351 360 3408 ΒελεῙςε
434 3359 465 3407 11
487 3347 711 3438 ἀκοσμίαςΒ’
693 3354 781 3423 ανομί
780 3372 815 3415 ας
769 3353 858 3406 [Pu
931 3357 963 3404 12
984 3346 1048 3404 ἐπε-

41 3430 165 3480 νοειτοο.
186 3423 293 3480 Reiske
353 3429 385 3478 13
405 3421 515 3486 οίκίσας
532 3425 555 3476 Β
574 3422 619 3479 οίκ
620 3418 735 3492 ῆσαςΒ
799 3428 830 3477 19
850 3417 900 3476 τὸν
919 3437 941 3475 α.
956 3421 1048 3476 Κίεεε-

42 3489 100 3564 ling,
117 3496 267 3552 Meutzuer
285 3495 357 3550 Ann.
375 3494 445 3564 phil.
463 3501 531 3551 1877
551 3514 578 3564 p
593 3501 645 3551 833
665 3491 736 3549 τὸΟ
809 3500 844 3548 20
862 3487 1008 3561 ῆμελλεΑ
