2396 3918
103 221 203 286 ·154
560 223 654 277 —'B
691 254 725 264 -

137 384 384 471 δοθησομένην.
424 381 463 452 τδ
488 383 526 452 δέ
548 388 616 452 τῶν
637 383 819 471 Οίνοότρων
841 384 940 471 γένος
955 379 1132 469 Ἀρκαδικὸν

135 480 179 576 ἦν
208 491 244 558 ἐκ
270 494 329 577 τῆς
355 489 430 559 τότε
458 490 520 578 μὲν
548 491 759 579 καλουμένης
785 495 993 576 Λυκαονίας,
1019 493 1081 557 νῦν
1104 488 1133 557 δὲ

134 592 324 684 Ἀρκαδίας,
354 597 513 678 ἑκουσίως
542 595 683 678 ἐξελθὸν
712 596 766 666 έπλ
787 600 851 685 γῆς
875 601 996 684 κτῆσιν
1019 592 1132 682 άμείνο

137 729 196 784 νος
219 701 412 791 ἡγουμένου
428 707 488 791 τῆς
510 700 665 784 ἀποικίας
684 702 861 793 Οἰνώτρου
882 707 945 772 τοῦ
964 702 1132 788 Λυκάονος,

137 807 192 897 έφ’
218 801 259 878 οὗ
282 810 345 899 την
369 813 542 899 ἐπίκλησιν
569 809 607 881 τὸ
631 815 735 892 ἔθνος
763 815 890 897 ἔλαβεν.
933 806 1133 897 Ἀβοριγίνων
1186 871 1187 910 3

137 915 175 984 δὲ
198 916 406 1005 κατεχόντων
429 916 469 987 τά
492 922 598 1006 χωρία
620 921 748 1006 πρῶτον
775 916 839 1005 μέν
862 915 978 998 αὐτοῖς
1000 921 1135 1002 γίνονται
1187 935 1189 990 λ

42 1064 50 1080 ·
136 1021 289 1093 σύνοικοι
312 1025 483 1110 Πελασγοὶ
511 1023 675 1111 πλάνητες
703 1025 739 1092 ἐκ
761 1027 821 1112 τῆς
847 1023 922 1093 τότε
949 1022 1012 1111 μὲν
1034 1030 1136 1091 καλου

136 1131 239 1218 μένης
274 1133 453 1218 Αίμονίας,
490 1135 556 1198 νῦν
593 1131 631 1199 δέ
666 1136 861 1218 Θετταλίας,
898 1133 936 1200 έν
968 1121 990 1220 ᾖ
1022 1129 1167 1218 χρόνονλλλ

135 1235 211 1305 τινὰ
240 1235 389 1329 ᾤκησαν·
426 1239 507 1326 μετὰ
535 1238 574 1307 δέ
605 1236 685 1319 τοὺς
711 1236 910 1325 Πελασγοὺς
934 1234 1138 1326 Ἀρκάδεςέκ

97 1370 124 1411 ιο
137 1348 355 1412 Παλλαντίου
390 1342 519 1424 πόλεως
555 1343 750 1427 ἐξελθόντες
786 1343 969 1433 Εὔανδρον
1005 1341 1137 1431 ἡγεμόνα

136 1449 358 1538 ποιησόμενοι
393 1456 453 1538 τῆς
488 1446 643 1532 ἀποικίας
669 1447 797 1540 Ἑρμοῦ
833 1451 889 1520 καὶ
926 1450 1063 1539 νύμφης
1094 1451 1138 1518 δέ·

136 1561 235 1645 μιδος
257 1556 352 1645 υίόν,
376 1563 413 1626 οἳ
432 1556 516 1647 πρὸς
543 1558 594 1627 ἑνὶ
620 1562 690 1627 τῶν
717 1556 798 1628 ἑπτὰ
821 1557 939 1646 λόφων
961 1563 1138 1640 πολίζονται
1189 1601 1190 1614 1

137 1659 175 1746 ὃς
202 1665 239 1731 έν
267 1665 357 1756 μέσφ
385 1663 529 1753 μάλιστα
556 1679 660 1735 κείται
686 1669 747 1754 τῆς
769 1663 912 1753 Ῥάμης,
936 1665 1138 1734 Παλλάντιον

138 1766 366 1858 ὀνομάσαντες
397 1769 435 1841 τό
464 1777 590 1859 χωρίου
623 1773 675 1841 ἐπὶ
707 1775 767 1860 τῆς
794 1775 831 1842 έν
857 1770 1016 1864 Ἀρκαδία
1042 1775 1139 1859 πατρί

96 1851 206 1980 ἔχθος.
252 1877 389 1966 χρόνοις
417 1875 448 1946 δ’
475 1877 517 1948 οὐ
544 1887 682 1959 πολλοῖς
708 1877 851 1968 ὕστερον
868 1877 1070 1969 Ἡρακλέους
1093 1905 1139 1946 κα-

136 1985 320 2071 ταχθέντος
342 1989 389 2066 είς
408 1983 564 2073 Ἰταλίαν,
588 1983 643 2056 ὅτε
660 1984 724 2074 τὴν
744 1985 905 2072 στρατιὰν
924 1988 958 2068 έξ
978 1986 1141 2073 Ἐρυθείας

137 2095 252 2160 οἴκαδε
287 2091 455 2180 άπηγαγε,
491 2095 594 2181 μοῖρά
630 2118 680 2173 τις
716 2089 963 2181 ὑπολειφθεῖσα
999 2097 1057 2181 τῆς
1085 2091 1139 2160 σὺν

96 741 129 842 3,

96 865 109 906 5

137 2193 227 2292 αὐτῷ
251 2198 426 2286 δυνάμεως
443 2197 621 2287 Ἑλληνικὴ
640 2206 784 2288 πλησίου
809 2200 960 2289 ίδράετωι
980 2205 1042 2269 τοῦ
1059 2207 1139 2268 Παλ-

135 2312 291 2393 λαντίου,
323 2303 408 2393 πρὸς
434 2306 535 2398 ἑτέρςο
564 2312 634 2375 τῶν
667 2308 960 2395 ἐμπεπολισμένων
987 2310 1028 2396 τῇ
1057 2305 1140 2376 πόλει

95 2437 123 2479 εο
136 2413 270 2501 λόφων,
294 2409 337 2493 ὃς
362 2411 437 2482 τότε
465 2413 527 2502 μέν
554 2411 621 2482 ὑπὸ
653 2419 723 2485 τῶν
749 2416 938 2503 έπιχωρίων
965 2413 1141 2501 Σατόρνιος

136 2521 281 2607 ἐλέγετο,
309 2524 377 2588 νῦν
406 2519 445 2588 δὲ
467 2527 703 2601 Καπιτωλῖνος
724 2519 791 2591 ὑπὸ
810 2519 1000 2609 Ῥωμαίων·
1030 2517 1140 2589 'mol

135 2629 212 2714 <οί>
240 2631 375 2707 πλείους
400 2626 532 2697 τούτων
558 2620 647 2715 ἦσαν
671 2630 707 2697 ἐκ
723 2627 853 2710 πόλεως
869 2627 1012 2708 Ἤλιδος
1034 2628 1179 2709 ἐξανά-λθ

112 2731 273 2812 στάντες
304 2735 622 2824 διαπεπορθημένης
658 2733 774 2818 αότοίς
809 2740 869 2824 τῆς
899 2738 1057 2824 πατρίδος
1086 2727 1137 2818 ὑφ’

130 2835 343 2927 Ἡρακλέους.

207 3075 223 3124 2
246 3072 311 3126 νυνλ
334 3071 357 3126 Β
444 3078 460 3128 8
485 3069 618 3128 ἑκούσιον
641 3091 663 3130 ο.
688 3073 813 3129 Κὶοεελίω
924 3080 940 3129 7
964 3067 1140 3142 πλάκητεςΒ

135 3143 276 3210 πλανῆται
294 3143 319 3197 Β
340 3144 348 3230 J
373 3138 438 3200 τότε
458 3141 511 3215 μὲν
529 3161 584 3200 om.
604 3142 658 3199 AB
730 3151 747 3201 8
765 3092 1002 3270 θεζττ>α<λ>ίας
1020 3144 1043 3198 Β
1110 3145 1138 3194 12

134 3211 277 3288 υλ<ω>νολ
295 3215 402 3284 προςΒ
419 3219 423 3284 Ι
439 3217 601 3280 πολίζονται
618 3216 683 3286 poet
701 3211 799 3285 λόφων
855 3215 882 3271 οἳ
899 3217 1062 3281 άολίζοντωι
1077 3207 1140 3282 πρός

137 3282 180 3340 ἕνλ
198 3306 221 3341 τ,
241 3289 264 3340 λ.
283 3286 308 3340 R
383 3292 415 3342 18
430 3282 595 3356 Ἑλληνικῆς
614 3304 637 3342 ο.
653 3287 757 3342 Reieke
778 3291 783 3359 Ι
803 3282 933 3357 ἷδρόεται
950 3287 973 3341 Β
997 3281 1142 3356 λδρυταιΒ,

172 3361 206 3410 19
224 3352 348 3412 πόλειΒ
377 3354 457 3429 δάμη
480 3357 506 3411 Β
587 3363 622 3413 20
642 3353 688 3413 ἐπὶ
711 3359 767 3414 τόν
790 3358 867 3412 ΑΒε,
948 3364 982 3413 21
999 3352 1102 3414 Ἐπειοὶ
1116 3348 1144 3406 οἷ

135 3425 279 3496 Kiensliug
321 3426 351 3482 ολ
378 3446 433 3486 om.
463 3428 495 3496 0,
536 3424 644 3484 Ἐπειοὶ
666 3426 776 3485 τούτων
801 3428 831 3484 οί
854 3431 971 3493 πλείους
998 3446 1021 3486 ο.
1048 3425 1143 3484 Reinke

136 3502 171 3550 22
193 3499 308 3559 πλείους
325 3495 433 3553 τούτων
451 3497 474 3552 Β
492 3496 600 3554 τούτων
618 3505 663 3555 πλ.
681 3501 707 3556 R
