2404 3918
130 167 197 232 ιιι
556 167 725 217 -r-

132 327 240 396 οὐδὲν
263 325 487 414 ἀπεκρίναντο
510 323 595 412 πρὸς
617 323 697 404 τοὺς
719 326 890 412 πρέσβεις,
907 326 1002 411 κοινῇ
1023 321 1055 390 δὲ
1072 327 1130 390 τοῦ

132 441 261 515 ἔθνους
282 434 413 522 ἀγοράν
431 436 470 502 ἐν
491 438 684 522 Φερεντίνῳ
701 430 926 518 ποιησάμενοι
948 436 1132 517 υηφιζονιαι

132 540 177 630 μὴ
218 557 433 630 παραχωρεῖν
468 539 645 628 Ῥωμαίοις
684 543 746 626 τῆς
790 535 896 626 ἀρχῆς
935 537 991 606 καὶ
1027 534 1133 606 αὐτίκα

132 652 309 736 αἱροῦνται
339 648 402 716 δύο
434 645 643 736 στρατηγοὺς
671 643 923 733 αὐτοκράτορας
952 643 1075 732 εἰρήνης
1099 670 1135 710 τε

104 756 188 824 ικαὶ
218 758 384 842 πολέμου,
406 753 533 840 Ἄγκον
565 758 780 822 Πουπλίκιον
811 754 848 821 ἐκ
872 750 1008 831 πόλεως
1032 749 1135 838 Κόρας

92 863 188 930 4καί
211 861 390 930 Σπούσιον
417 860 597 930 Οὐεκίλιον
627 863 664 928 ἐκ
691 864 892 928 Λαουϊνίου.
944 857 1001 926 διά
1029 856 1133 936 ταότας

133 969 195 1054 μὲν
226 966 269 1054 δὴ
296 965 355 1046 τάς
385 971 494 1047 αἰτίας
525 969 671 1053 συνέστη
694 964 873 1054 Ῥωμαίοις
905 963 924 1034 ὁ
952 963 1034 1054 πρὸς
1062 962 1171 1042 τοάςιιε

134 1073 313 1161 ὁμοεθνεῖς
334 1073 495 1161 πόλεμος,
522 1072 657 1162 προῦβη
686 1072 725 1141 δὲ
752 1071 831 1163 ἄχρι
853 1075 1051 1152 πενταετοῦς
1067 1069 1134 1160 ηρό-

134 1209 200 1249 νου
221 1180 393 1260 πολιτικός
414 1207 467 1261 τις
487 1179 672 1267 γενόμενος
693 1181 751 1248 καί
774 1178 943 1268 ἀρχαικός.
991 1176 1132 1264 οὔτεγὰρ

94 1316 121 1356 ιο
135 1290 171 1356 ἐκ
192 1287 406 1374 παρατάξεως
428 1286 521 1367 ὅλοις
542 1302 615 1366 τοῖς
632 1286 857 1374 στρατεύμασι
878 1285 965 1374 πρὸς
988 1284 1050 1356 ὅλα
1070 1305 1133 1370 συμ

133 1394 298 1480 βάλλουσι
335 1393 462 1482 μεγάλη
504 1392 664 1482 συμφορά
703 1393 761 1462 καί
801 1393 938 1480 φθόρος
975 1389 1128 1480 ὁλοσχερής

135 1502 262 1586 συνέβη
295 1499 374 1569 οὔτε
404 1500 503 1580 πόλις
539 1498 653 1569 αὐτῶν
686 1498 829 1588 οὐδεμία
863 1501 1000 1591 πολέμῳ
1037 1524 1128 1588 κρατη

135 1617 236 1674 θεῖσα
267 1611 484 1695 κατασκαφῆς
512 1605 533 1694 ἢ
564 1606 846 1695 ἀνδραποδισμοῦ
875 1601 897 1693 ἢ
922 1605 1037 1692 ἀλλης
1063 1602 1135 1682 τινὸς

135 1711 323 1799 ἀνηκέστου
350 1718 528 1802 συμφορᾶς
560 1713 738 1803 ἐπειράθη·
770 1711 844 1781 ἀλλ’
875 1713 1076 1800 ἐμβαλόντες
1102 1714 1140 1788 εἰς

98 1844 123 1886 ιι
136 1817 199 1906 τὴν
223 1818 379 1906 ἀλλήλων
402 1824 467 1907 γῆν
491 1818 557 1888 ὑπὸ
575 1819 638 1908 τὴν
662 1819 772 1908 ἀκμὴν
790 1825 853 1890 τοῦ
876 1826 974 1890 σίτου
995 1821 1054 1889 καί
1074 1843 1141 1907 προ-

137 1927 364 2015 νομεύσαντες
400 1926 531 2015 ἀπῆγον
568 1926 620 1996 ἐπ’
651 1936 748 1995 οἰκου
783 1925 843 2008 τὰς
884 1927 1048 2015 δυνάμεις
1083 1929 1141 1992 δια-

99 2050 120 2114 5
139 2033 334 2122 μειβόμενοι
356 2031 436 2112 τοὺς
459 2033 699 2120 αἰχμαλώτους.
745 2039 826 2121 μίαν
850 2032 889 2101 δὲ
910 2031 1014 2102 πόλιν
1038 2035 1072 2102 ίκ
1091 2033 1143 2099 τοῦ

137 2146 297 2208 Λατίνων
321 2145 447 2220 ἔθνους
464 2141 674 2209 Μεδυλλίαν
688 2146 891 2228 παλαίτερον
915 2145 964 2208 ἔτι
983 2137 1142 2227 Ῥωμαίων

139 2244 297 2315 ἀποικίαν
323 2249 512 2334 γενομένην
543 2247 596 2316 ἐπὶ
623 2251 683 2335 τῆς
704 2245 880 2334 Ῥωμύλου
902 2245 1024 2336 ἀρχῆς,
1051 2244 1095 2326 ὡς
1114 2246 1144 2311 ἐν

99 2377 125 2416 εο
138 2358 184 2446 τῷ
213 2353 277 2443 πρὸ
304 2353 429 2422 τούτου
457 2352 631 2439 δεδήλωκα
660 2354 765 2446 λόγῳ,
793 2356 1028 2442 μεταθεμένην
1056 2345 1143 2427 αὖθις

140 2458 185 2542 ὡς
207 2458 287 2541 τοὺς
315 2458 494 2548 ὁμοεθνεῖς
519 2467 697 2552 πολιορκίᾳ
719 2460 1021 2549 παραστησάμενος
1048 2456 1144 2528 ὁτῶν

135 2565 309 2655 Ῥωμαίων
348 2565 506 2653 βασιλεὺς
547 2573 657 2636 ἔπεισε
698 2569 809 2656 μηθὲν
852 2573 899 2636 ἔτι
936 2571 1143 2655 νεωτερίζειν

141 2671 222 2741 ἀλλο
247 2671 278 2740 δ’
305 2671 412 2742 οὐθὲν
441 2665 490 2742 ἀν
519 2676 554 2742 οί
573 2674 715 2762 πόλεμοι
739 2677 883 2762 φέρουσι
911 2678 1037 2742 δεινῶν
1062 2670 1143 2740 οὐδε-

140 2782 249 2868 τέροις
277 2782 314 2848 ἐν
341 2783 388 2871 τῷ
413 2778 488 2848 τότε
516 2783 642 2868 συνέβη
670 2781 794 2870 χρόνῳ.
843 2780 1016 2869 τοιγάρτοι
1039 2779 1176 2871 ῥᾴδιαίο1

101 2915 127 2957 τι
140 2912 176 2956 τε
202 2886 258 2954 καὶ
289 2884 391 2954 οὐδὲν
422 2892 560 2973 ἔγκοτον
591 2893 728 2976 ἔχουσαι
757 2890 1056 2976 προθυμηθέντων
1077 2883 1142 2953 Ῥω-

143 2999 252 3080 μαίων
277 2996 314 3060 αἰ
336 2992 506 3072 διαλύσεις
529 2995 805 3082 ἐπετελέσθησαν.

214 3159 228 3207 1
257 3147 445 3239 ἀπεκρίναντο
473 3155 499 3208 Α
606 3160 622 3208 2
652 3157 790 3238 φερεντίῳ
820 3153 841 3209 Ο
874 3155 988 3238 praeter
1010 3153 1032 3206 B
1114 3151 1137 3200 11

142 3220 191 3278 ὁλ.
203 3242 235 3278 σ.
247 3223 354 3296 ..χ<ε>
366 3221 457 3292 ρηςΒ
536 3232 568 3280 12
588 3221 665 3279 αάτῶ
685 3229 710 3279 Α
784 3232 817 3279 14
843 3221 1013 3310 ἔμβάλοντες
1032 3225 1078 3278 Aa
1102 3215 1138 3285 ἔμ-

144 3291 292 3362 βάλλοντες
315 3295 415 3348 AbBa
493 3300 525 3348 16
545 3297 623 3349 οἰκον
642 3297 690 3350 Aa
768 3303 801 3350 18
821 3291 975 3366 μεδόλλιαν
994 3295 1038 3350 Ba
1055 3237 1136 3365 μεδόί·

143 3367 221 3415 λειαν
240 3363 318 3417 BbR
394 3369 428 3417 23
452 3359 532 3417 ἄλλοι
553 3360 615 3418 ἀλλ’
636 3361 726 3434 Aac?
747 3383 803 3422 om
826 3367 879 3420 ΑΒ
953 3373 987 3420 25
1010 3368 1136 3435 προθυμη·

142 3428 254 3484 θέντων
272 3432 295 3484 Β
313 3436 477 3502 προθυμίαν
495 3453 552 3487 των
570 3436 596 3488 R
