2404 3918
560 217 727 269 ..1⁷-

134 402 184 455 τις
211 371 295 464 αὐτῇ
327 375 415 442 ἐπίοι
447 373 589 463 στρατὸς
619 379 720 461 τείχει
746 375 804 443 καὶ
830 374 948 465 τάφρφ
975 373 1143 459 περιέλαβε

134 479 289 561 καὶτοὺς
309 485 535 570 μεταχθέντας
555 485 591 552 ἐκ
615 481 785 569 Τελλήνης
805 507 841 550 τε
861 481 918 549 καὶ
936 485 1143 566 Πολιτωρίου

134 590 190 657 καλ
212 591 282 657 τῶν
304 586 418 658 ἄλλων
440 588 573 658 πόλεων
597 587 689 658 ὅσων
714 588 896 676 ἐκράτησεν
919 589 957 656 ἐν
978 586 1086 677 τούτῳ
1104 589 1144 676 τῷ

134 701 246 786 χωρίφ
272 699 493 784 καθίδρυσεν.
543 699 581 766 ἓν
608 695 671 784 μὲν
704 693 747 783 δὴ
775 699 876 764 τοῦτο
903 693 942 764 τὸ
969 700 1144 780 πολίτευμα
1187 681 1188 690 ¹

108 805 196 869 ⁵v01'1
223 805 386 887 βασιλέως
413 806 637 889 παραδίδοται
663 800 770 871 καλὸν
798 799 867 890 ἅμα
889 795 946 870 καί
968 824 1145 887 πραγματι-

133 909 212 994 κόν,
241 909 274 990 ἐξ
303 901 345 978 οὗ
371 910 507 997 μείζονά
534 937 570 979 τε
602 911 729 996 συνέβη
763 909 925 995 γενέσθαι
957 905 1019 995 τὴν
1050 905 1143 974 πόλιν

135 1015 247 1101 ἑτέρας
273 1017 457 1100 προσθέντι
483 1016 612 1097 πόλεως
642 1017 699 1085 καὶ
731 1009 839 1104 πολλῇ
868 1015 954 1103 χειρί
981 1017 1143 1100 πολεμίων

133 1121 467 1209 ἐπιστρατευσάντων
490 1114 592 1210 ἦττον
615 1121 796 1211 εὔληπτον·
980 1205 985 1220 .

222 1230 423 1298 XXXXIIII.
437 1230 578 1316 Ἕτερον
598 1231 639 1298 δέ
658 1257 691 1298 τι
712 1234 775 1299 τοῦ
792 1230 1042 1316 προειρημένου
1060 1234 1140 1295 πολι

95 1351 121 1392 1⁰
133 1334 294 1421 τεύματος
316 1349 484 1422 κρεῖττον,
513 1333 532 1405 δ
555 1339 612 1405 καὶ
634 1351 706 1417 τοῖς
727 1335 812 1406 κατὰ
839 1335 900 1406 τὸν
923 1341 1004 1422 βίον
1027 1331 1139 1402 ἅπασιν

134 1439 436 1530 εὐδαιμονεστέραν
460 1441 566 1531 αὐτὴν
594 1445 730 1530 έποίησε
758 1443 815 1510 καί
842 1441 1051 1529 πραγμάτων
1077 1442 1133 1525 ἐτη·

134 1573 193 1632 ρεν
217 1546 371 1630 ἅψασθαι
393 1552 650 1636 γενναιοτέρων.
694 1554 756 1619 τοῦ
780 1547 846 1640 γὰρ
872 1551 1030 1636 Τεβέριος
1053 1574 1129 1617 ποτε·

134 1657 200 1741 μοῦ
218 1660 483 1741 καταβαίνοντος
502 1656 564 1744 μὲν
583 1658 707 1725 ἐκτῶν
724 1653 930 1726 Ἀτεννίνων
945 1655 1049 1744 ὀρῶν,
1070 1651 1132 1738 παρ’

134 1758 240 1848 αὐτὴν
272 1761 310 1830 δὲ
341 1760 404 1850 την
430 1760 562 1851 Ῥώμην
594 1765 748 1850 ῥέοντος,
781 1763 1009 1852 ἐμβάλλοντος
1037 1761 1070 1829 δ’
1099 1766 1174 1839 είςδλλ

95 1881 121 1922 1⁵
134 1867 308 1955 αἰγιαλοὺς
335 1867 516 1957 ἀλιμένους
541 1870 598 1938 καί
625 1884 814 1958 προσεχεῖς,
838 1867 898 1951 οδς
920 1869 957 1939 τὸ
986 1876 1141 1956 Τυρρηνι-

133 1973 194 2043 κὸν
218 1989 309 2045 ποιεῖ
325 1978 484 2063 πέλαγος,
508 1974 609 2064 μικρὰ
632 1975 671 2044 δὲ
693 1976 749 2044 καὶ
773 1975 836 2045 οὐκ
858 1973 936 2057 ἀξια
959 1975 1066 2062 λόγου
1087 1975 1141 2061 τὴν

128 2076 261 2168 Ῥώμην
290 2079 504 2168 ὠφελοῦντος
532 2079 589 2150 διά
615 2080 653 2150 τὸ
681 2082 794 2170 μηθέν
823 2084 876 2152 ἐπὶ
902 2096 976 2162 ταῖς
998 2085 1142 2169 ἐκβολαῖς

134 2190 223 2275 ἔχειν
255 2187 441 2276 φρούριον,
474 2185 492 2257 δ
529 2187 588 2270 τάς
624 2192 896 2277 εἰσκομιζομένας
933 2187 990 2257 διὰ
1026 2188 1141 2257 θαλάτ-

133 2321 192 2380 της
218 2295 274 2362 καὶ
301 2297 530 2383 καταγομένας
561 2294 700 2365 ἀνωθεν
732 2294 859 2385 ἀγοράς
888 2294 1089 2378 ὑποδέξεταί
1113 2320 1141 2362 τε
1185 2369 1186 2378 ,

94 2401 189 2469 20καί
217 2399 391 2489 ἀμείψεται
418 2414 493 2482 τοῖς
516 2404 813 2492 ἐμπορευομένοις,
841 2406 961 2472 ίκανοῦ
990 2401 1029 2470 δὲ
1051 2400 1142 2480 ὄντος

133 2506 211 2596 ἄχρι
234 2507 296 2596 μὲν
319 2511 386 2576 τῶν
408 2513 527 2595 πηγῶν
554 2522 759 2595 ποταμηγοῖς
786 2507 950 2596 σκάφεσιν
975 2507 1141 2596 εὐμεγέθε-

133 2634 190 2684 σιν
223 2612 463 2702 ἀναπλεῖσθαι,
499 2615 583 2703 πρὸς
614 2614 720 2703 αὐτὴν
756 2615 795 2684 δὲ
830 2614 893 2704 τὴν
924 2614 1057 2706 Ῥώμην
1092 2617 1140 2684 καὶ

133 2727 330 2802 θαλαττίαις
371 2720 489 2792 ὁλκάσι
527 2723 700 2812 μεγάλαις,
738 2724 886 2793 ἐπίνειον
923 2729 1012 2810 ἔγνω
1051 2749 1139 2794 κατα·

134 2826 307 2910 σκευάζειν
329 2830 382 2897 έπὶ
405 2844 477 2911 ταῖς
501 2833 655 2917 ἐκβολαῖς
677 2827 782 2899 αὐτοῦ
805 2831 916 2918 λιμένι
938 2830 1138 2920 χρησάμενος

134 2930 224 3027 αὐτῷ
256 2938 302 3027 τῷ
336 2934 474 3023 στόματι
506 2940 567 3005 τοῦ
599 2939 760 3024 ποταμοῦ.
817 2934 998 3024 εὐρύνεταί
1022 2963 1056 3005 τε
1081 2933 1136 3022 γάρ

94 2991 120 3032 ²5
134 3038 274 3110 ἐπιπολὺ
296 3045 337 3129 τῇ
359 3041 511 3131 θαλάττη
536 3041 716 3112 συνάπτων
739 3044 797 3111 καὶ
817 3043 963 3124 κόλπους
986 3042 1134 3132 λαμβάνει

207 3268 350 3327 1έπίοιΒ
370 3267 421 3326 ἐπί
445 3272 471 3326 Δ
487 3274 491 3340 Ι
507 3272 656 3346 περιέλαβε
667 3272 811 3399 Κίοεελὶιιρ
828 3275 1001 3346 περίβαλεΟ
1050 3269 1131 3328 ἀπίλ-

133 3347 182 3410 ίυε
199 3361 229 3395 τε
249 3342 302 3394 ΑΒ
374 3348 390 3396 3
431 3346 503 3396 ιιωε
526 3344 622 3398 ουτω
694 3350 763 3399 ιω
806 3345 841 3399 01.
865 3345 954 3401 οουει
977 3344 1042 3402 obs.
1063 3363 1086 3413 p.
1103 3345 1130 3394 ει

134 3407 309 3478 8εάληπτον
331 3410 434 3466 Reiske
460 3407 711 3482 εδληπτυτέρανθ
791 3409 858 3470 183
882 3417 931 3469 καὶ
954 3412 1007 3478 τάς
1024 3414 1046 3471 0
1062 3427 1129 3483 prae*

134 3480 219 3532 θεεΒ
292 3483 325 3533 19
344 3475 565 3548 ἀγοράςΒοιη.
584 3484 610 3535 Α
681 3489 716 3538 25
734 3503 765 3539 τε
785 3484 808 3538 Β
827 3487 924 3540 om.R
