2412 3912
451 237 616 339 -ε-
998 241 1040 306 19

51 398 263 482 βασιλεύοντος
293 401 422 482 Αἰζειοὶ
454 401 625 487 ἐλέγοντο,
658 399 835 480 Λυκάονος
868 399 905 468 δί
936 425 1040 488 παρα-

51 504 188 590 λαβόντος
200 503 263 593 τήν
282 505 392 595 άρχήν
416 504 469 576 ἄπ’
491 509 624 576 ἐκείνου
642 499 745 588 αὖθις
759 506 933 590 Λυκάονες
956 506 1040 576 ωνο-

51 610 220 700 μύσθησαν,
249 611 426 702 Οἰνώτρου
454 612 491 681 δέ
518 620 719 702 κομίσαντος
742 610 864 694 αύτούς
892 618 940 695 εἰς
959 611 1040 683 Ἰτα-

51 725 110 786 λίαν
130 726 291 806 Οἰνωτροι
316 719 442 807 χρόνον
465 717 541 788 τινά
569 720 772 809 ἐκλήθησαν.
818 735 981 808 μαρτυρελ
1002 724 1080 790 ύέ2
1129 731 1131 737 ’

51 852 94 911 μοι
116 829 154 917 τῷ
176 824 267 917 λόγῳ
290 830 472 913 Σοφοκλῆς
494 825 556 914 μὲν
581 825 598 895 ὁ
622 824 876 919 τραγῳδοποιός
899 829 936 896 ἐν
964 835 1066 915 Tot-⁵

51 935 173 1024 πτολέμῳ
201 931 364 1020 δράματι·
390 939 566 1021 πεποίηται
594 932 658 1021 γάρ
687 932 776 1027 αύτῷ
800 933 966 1022 Δημήτηρ
991 936 1039 1000 ύι-

56 1037 194 1106 δάσκουσα
216 1038 278 1108 τὸν
306 1040 550 1128 Τριπτόλεμον,
578 1038 664 1127 όσην
687 1039 802 1127 χω’ραν
825 1038 1039 1127 ἀναγκασθή-

57 1165 125 1212 σεται
149 1152 293 1233 σπείρωυ
320 1161 391 1228 τοῖς
419 1152 575 1216 δοθεῖσιν
603 1145 660 1216 ὑπ’
691 1145 794 1236 αύτής
821 1161 961 1235 καρποῖς
989 1150 1038 1214 ύι-

51 1253 189 1330 εξελθεῖν·
218 1263 410 1341 μνησθεῖσα
433 1254 470 1322 δὲ
491 1259 551 1341 τῆς
574 1254 661 1346 ἕφόυ
683 1257 818 1343 πρῶτον
838 1252 993 1338 Ἰταλίας,
1017 1250 1038 1340 ἦ

49 1360 118 1427 ἐστιν
139 1358 191 1427 ἀπ’
218 1359 323 1449 άκρας
348 1359 516 1447 Ἰαπυγίας
543 1363 638 1449 μέχρι
662 1364 822 1448 πορθμοῦ
846 1363 1037 1446 Σικελικοῦ,
1052 1379 1078 1418 10

46 1465 88 1532 ιιαί
114 1464 189 1552 μετὰ
220 1472 321 1535 τοῦτο
347 1473 406 1555 τής
433 1465 572 1555 άντικρύ
600 1464 755 1555 ἁψαμένη
784 1472 955 1552 Σικελίας,
984 1466 1037 1532 ἐπὶ

44 1569 91 1656 τήν
119 1574 271 1661 ἑσπέριον
296 1572 441 1643 Ἰταλίαν
474 1566 576 1654 αὖθις
605 1573 807 1662 ἀναστρέφει
829 1573 885 1641 καί
913 1569 953 1642 τά
982 1573 1036 1659 μέ-

42 1697 121 1760 γιστα
149 1684 217 1749 τῶν
256 1681 443 1750 οἰκούντων
474 1679 535 1768 τήν
567 1683 733 1770 παράλιον
764 1680 889 1767 ταύτην
923 1680 1036 1746 ἐθνων

41 1787 237 1874 διεξέρχεται,
264 1787 326 1874 τήν
354 1786 461 1876 άρχήν
489 1786 553 1857 άπὸ
581 1791 641 1875 τῆς
669 1789 852 1876 Οἰνώτρων
877 1785 1037 1873 οἰκήσεως

38 1895 238 1980 ποιησαμένη.
283 1891 412 1982 ἀπόχρη
446 1894 484 1963 δέ
515 1899 619 1964 ταῦτα
651 1894 740 1982 μόνα
771 1897 935 1982 λεχθέντα
966 1895 1034 1961 τῶν
1049 1908 1077 1948 1⁵

10 2013 25 2062 λλ
37 2001 191 2084 ἰαμβείων,
215 2002 253 2067 ἐν
278 1995 329 2080 οἷς
351 2021 450 2089 φησι·

177 2123 218 2193 τά
242 2123 273 2192 θ’
299 2124 469 2211 ἐξόπισθε,
492 2123 603 2213 χειρός
625 2129 674 2204 εἰς
695 2121 736 2192 τά
761 2123 863 2210 δεξιά,

179 2237 349 2320 Οἰνωτρία
370 2259 405 2300 τε
428 2236 518 2299 πάσα
540 2232 597 2299 καί
624 2229 833 2318 Τυρρηνικὸς

176 2337 300 2418 κόλπος
324 2337 508 2425 Λιγυστική
531 2365 566 2406 τε
589 2342 631 2425 γῆ
656 2358 693 2406 σε
718 2339 853 2417 δέξεται.

30 2454 181 2548 Ἀντίοχος
215 2461 252 2529 δέ
281 2460 299 2530 ὁ
328 2461 579 2550 Συρακούσιος,
612 2459 825 2549 συγγραφεύς
856 2460 946 2529 πάνυ
974 2442 1072 2550 άρ-3

30 2581 122 2653 χαλος,
156 2570 193 2635 ἐν
219 2566 360 2647 Ἰταλίας
392 2572 531 2660 οἰκισμῷ
559 2567 637 2648 τούς
670 2565 913 2652 παλαιοτάτους
942 2568 1031 2655 οἰκή-
1045 2531 1073 2570 2⁰

30 2697 112 2760 ιορας
141 2672 292 2760 διεξιὼν,
321 2671 366 2755 ὡς
394 2677 529 2743 ἕκαστοί
553 2702 585 2742 τι
608 2676 709 2762 μέρος
737 2671 839 2760 αύτής
865 2689 1030 2762 κατεῖχον,

30 2780 209 2870 Οἰνώτρους
241 2782 331 2868 λέγει
362 2781 516 2869 πρώτους
545 2785 615 2850 τῶν
647 2782 954 2868 μνημονευομένων
992 2785 1029 2850 ἐν

30 2882 96 2974 σύτή
122 2892 336 2975 κατοικῆσαι,
364 2885 466 2955 εἰπάν
495 2877 578 2954 τάδε·
609 2884 794 2974 εἈντίοχος
815 2887 1028 2975 Ξενοφάνεος

29 2989 91 3060 τόίε
114 2997 307 3082 συνέγραψε
329 2995 405 3082 περί
426 2992 566 3081 Ἰταλίης
588 2996 624 3061 ἐκ
650 2997 719 3062 τῶν
742 2991 892 3082 άρχαίων
915 2994 1027 3082 λόγων
1042 3027 1068 3067 ει

84 3160 98 3207 1
117 3152 204 3220 αἰζιοί
221 3155 299 3209 ABb
324 3152 417 3222 αἰζηοί
435 3154 482 3208 Ba
505 3151 619 3222 αἰζήνες
638 3172 660 3209 ο.
681 3153 802 3224 Sylburg
874 3153 1026 3224 5*μονο

30 3225 53 3273 10
67 3219 141 3279 *άπὸ
161 3221 253 3296 ἄκρας
273 3226 295 3280 Ο
361 3232 393 3281 11
413 3225 463 3294 τῆς
481 3220 614 3294 ἄντικρυς
634 3242 656 3280 ο.
671 3224 813 3293 Kiessling
886 3231 918 3279 12
939 3216 1027 3287 αὖθις
1048 3236 1051 3242 “

10 3289 162 3362 ῚίιαλίανΒ
238 3303 271 3351 13
290 3295 473 3365 παράλιονλί
509 3297 651 3366 παραλίαν
670 3295 719 3348 ΑΒ
793 3302 827 3350 16
846 3294 1025 3367 ἰαμβικῶνΒ

55 3371 80 3418 19
93 3363 239 3436 λογιστική
249 3368 275 3421 A
291 3370 296 3436 Ι
312 3387 341 3422 τε
356 3369 444 3424 0111.ss
499 3373 533 3422 22
550 3366 686 3438 κατέσχον
707 3385 729 3422 ο.
739 3367 882 3436 Kiessling
936 3372 970 3420 23
986 3363 1025 3419 οἰ-

29 3433 151 3504 νοτρόονς
169 3439 215 3492 Ba
237 3436 416 3509 οἰνωτροίους
433 3439 480 3493 Bb
558 3445 592 3494 24
611 3435 792 3508 ξενοφάνεως
810 3437 836 3490 Α
912 3441 947 3490 25
967 3435 1025 3490 ἰτα-

30 3503 108 3572 ἷῖλςΒ
127 3506 239 3572 ἰταλίας
257 3510 282 3563 R

824 3600 840 3648 2
849 3595 863 3623 U
