2408 3928
135 204 202 272 280
560 207 727 258 -Γ-

96 374 117 440 3
136 365 202 455 ἤδη
225 369 271 460 τῷ
294 367 438 458 πολέμφ.
479 370 537 436 ἵνα
561 364 604 454 δὴ
627 365 672 456 μὴ
696 364 755 447 τάς
777 370 914 448 ψευδεῖς
936 369 1041 446 αἰτίας
1060 364 1131 433 είκά·

136 481 210 562 ζητε
238 475 397 563 περὶτῆς
424 475 506 563 ἐμῆς
534 476 776 565 προαιρέσεως,
804 472 849 542 δι’
876 470 916 554 ἃς
946 471 1026 555 άξιῶ
1052 501 1132 543 κατα-

136 581 307 652 λύσασθαι
338 581 401 651 τὸν
432 581 595 670 πόλεμον,
623 579 788 652 ἀκούσατε
814 579 873 662 τάς
899 579 1050 668 ἀληθεῖς·
1082 580 1133 666 ἐγά

136 687 321 779 στρατηγὸς
344 687 559 777 ἀποδειχθεὶς
583 687 650 760 ὑπὸ
673 693 734 778 τῆς
754 693 915 778 πατρίδος
938 687 1134 775 αὐτοκράτωρ

96 828 110 869 ε
137 793 205 884 ἅμα
228 800 274 888 τῷ
297 802 506 886 παραλαβεῖν
533 796 596 885 τὴν
624 795 732 887 ἀρχὴν
752 797 927 868 ἐσκόπουν
954 801 1043 876 τίνες
1063 786 1135 883 ἦσαν

41 924 44 929 ·
138 906 175 972 αί
196 903 445 992 συνταράξασαι
472 902 531 985 τάς
557 903 672 986 πόλεις
698 900 795 993 ἡμῶν
821 903 1015 992 προφάσεις.
1061 900 1136 990 ὁρῶν

66 1067 69 1074 ,
138 1009 176 1078 δὲ
199 1007 318 1100 μικράς
339 1011 395 1080 καί
418 1010 551 1098 φαύλας
571 1013 628 1080 καί
657 1009 719 1099 ούχ
742 1009 860 1092 ἱκανάς
882 1015 1008 1080 διελεῖν
1030 1010 1168 1080 τοσαύίῖῖ

137 1145 200 1205 την
228 1122 347 1206 φιλίαν
373 1118 430 1186 καί
458 1120 659 1206 συγγένειαν
687 1117 729 1188 ού
756 1117 797 1188 τά
819 1118 980 1207 κράτιστα
1002 1114 1137 1205 ἡγούμην

96 1230 119 1293 4
139 1223 216 1292 ούτε
231 1222 415 1312 Ἀλβανούς
433 1223 510 1294 ούτε
527 1221 616 1312 ὑμᾶς
637 1226 901 1313 βουλεύσασθαι.
948 1229 996 1294 ἔτι
1020 1224 1057 1293 δὲ
1073 1228 1138 1312 μάλ·

98 1362 124 1403 ιο
138 1337 201 1400 λον
232 1335 341 1418 ἔγνων
372 1334 473 1401 τοῦτο
509 1332 567 1400 καὶ
598 1331 727 1420 πολλὴν
754 1334 927 1419 κατέγνων
954 1329 1140 1420 άμφοτίρων
1188 1351 1189 1368 ³

137 1433 234 1525 ἡμῶν
257 1441 396 1524 μανίαν,
418 1435 533 1524 ἐπειδὴ
557 1442 737 1527 παρῆλθον
760 1440 815 1508 ἐπὶ
836 1437 877 1507 τά
899 1437 1077 1527 πράγματα
1096 1437 1140 1504 καί

137 1557 257 1631 πεῖραν
291 1543 483 1631 ἐλάμβανον
520 1549 579 1632 τῆς
611 1544 753 1615 ἑκάστου
789 1548 1026 1635 προαιρέσεως.
1078 1543 1141 1613 ούτε

138 1649 202 1740 γάρ
235 1652 272 1720 ἐν
304 1664 376 1731 τοῖς
408 1654 510 1732 ίδίοις
542 1649 614 1720 οὔτ’
644 1653 683 1721 ἐν
714 1663 786 1732 τοῖς
816 1665 946 1732 κοινοῖς
978 1650 1141 1737 συλλόγοις

139 1755 371 1845 ὁμονοοῦντας
406 1754 491 1846 ὑπὲρ
527 1762 589 1828 τού
625 1759 776 1846 πολέμου
812 1757 940 1838 πάντας
974 1756 1142 1845 Ἀλβανούς
1191 1762 1192 1848 ί

98 1894 125 1935 15
139 1863 271 1950 ίύρων,
295 1867 410 1955 μακρῷ
435 1865 476 1932 δέ
495 1891 564 1933 τινι
591 1867 660 1933 τάν
688 1866 721 1947 ἐξ
744 1862 970 1952 άνδρωπίνου
993 1865 1142 1951 λογισμοῦ
1191 1851 1192 1870 ί

138 1971 489 2059 καταλαμβανομένων
535 1975 689 2059 χαλεπῶν
734 1968 774 2040 τά
818 1969 980 2059 δαιμόνια
1025 1984 1142 2058 σημεῖα,

139 2075 239 2148 ὁπότε
269 2081 460 2167 χρησαίμην
496 2082 654 2164 σφαγίοις
682 2079 759 2168 περὶ
791 2077 913 2166 μάχης,
945 2076 1143 2164 χαλεπώτερα

138 2184 302 2273 γινόμενα
332 2181 462 2270 πολλὴν
501 2187 698 2272 δυσθυμίαν
729 2185 868 2272 παρεῖχέ
897 2210 955 2271 μοι
987 2184 1046 2252 καὶ
1073 2181 1143 2270 άμη-

98 2293 270 2379 ὄχανίαν.
320 2288 577 2377 ἐνθυμούμενος
607 2288 648 2376 δὴ
678 2293 783 2360 ταῦτα
811 2294 871 2378 τῆς
899 2290 962 2378 μὲν
995 2291 1049 2360 ἐπὶ
1076 2287 1144 2366 τοὺς

98 2427 125 2468 ιο
139 2396 274 2486 άγῶνας
303 2393 409 2486 ὁρμῆς
435 2398 594 2484 ἐπέσχον,
622 2394 793 2496 ἀναβολάς
824 2396 946 2466 δὲκαὶ
979 2393 1179 2483 διατριβάςαί

139 2504 325 2592 ἐποιούμην
361 2506 424 2574 τού
464 2504 614 2592 πολέμου
654 2504 839 2593 προτέρους
877 2500 965 2590 ὑμᾶς
1003 2502 1145 2590 οίόμενος

138 2610 253 2700 άρξειν
276 2613 344 2679 τῶν
367 2609 444 2699 περὶ
467 2613 582 2697 φιλίας
604 2608 730 2696 λόγων·
752 2610 809 2678 καί
832 2613 900 2678 ἔδει
917 2635 967 2696 γε,
986 2601 1013 2677 ὦ
1040 2608 1144 2693 Τύλλε,

139 2721 239 2785 τοῦτο
262 2728 372 2783 ποιεῖν
395 2712 484 2803 ὑμᾶς
510 2712 673 2795 άποίκους
696 2713 797 2796 ὄντας
824 2713 921 2803 ἡμῶν
950 2716 1007 2784 καί
1035 2713 1077 2804 μὴ
1097 2739 1145 2783 πε-

140 2823 292 2912 ριμένειν
320 2822 383 2904 ἕως
409 2818 431 2908 ἡ
454 2821 659 2911 μητρόπολις
686 2819 779 2910 άρξη.
826 2820 907 2908 ὅσης
933 2819 998 2910 γάρ
1026 2820 1144 2904 άξιούσι

100 2957 126 3000 ιε
140 2931 238 3016 τιμῆς
264 2927 446 3015 τυγχάνειν
475 2929 510 2995 οί
535 2930 673 3016 πατέρες
699 2927 789 3016 παρά
817 2929 886 2996 τῶν
916 2927 1080 3015 ἐκγόνων,
1100 2953 1144 2996 το·

140 3033 265 3121 σαύτης
293 3037 329 3102 οί
354 3038 527 3114 κτίσαντες
553 3031 612 3114 τάς
642 3033 757 3114 πόλεις
783 3032 873 3121 παρά
898 3037 968 3103 τῶν
999 3033 1143 3103 άποίκων.

99 3145 120 3212 6
140 3143 178 3211 ἐν
201 3131 229 3235 ᾦ
254 3139 291 3209 δδ
313 3137 409 3228 ἡμεῖς
431 3142 613 3229 ἐμέλλομεν
632 3141 687 3210 καί
705 3144 958 3230 παρετηροῦμεν
980 3139 1143 3229 ἀλλήλους,

212 3331 285 3407 lm}
310 3327 363 3391 οὖν
379 3336 426 3391 Bb
505 3341 536 3389 11
557 3330 637 3424 ὑμῶν
661 3335 715 3390 ΑΒ
788 3341 821 3391 15
840 3335 872 3392 δέ
896 3336 995 3393 τινιΟ
1023 3332 1051 3392 δ’
1071 3333 1107 3392 ἔτι
1122 3350 1141 3387 ο.

139 3403 362 3544 5331&ssssss
383 3402 414 3460 ἐν
432 3409 458 3460 A
513 3412 548 3460 24
566 3407 647 3475 αρξει
660 3407 707 3462 Bb
726 3401 798 3478 άρξη
812 3407 890 3462 ABa
944 3413 979 3462 25
995 3402 1142 3478 ἐκγόνωνΒ
