2396 3918
140 198 205 266 186
563 197 729 253 -Β-

227 360 365 428 ΧΧΠΠ.
398 367 505 428 Δοκεῖ
535 357 573 426 δὲ
604 358 661 427 καλ
692 361 751 445 τῆς
783 356 887 444 άλλης
913 347 1133 442 εὐκοσμίας,η’

138 465 307 556 χράμενοι
339 462 497 554 Ῥωμαῖοι
540 463 748 552 διεφύλαξαν
784 461 1055 550 εὐδαιμονοῦσαν
1085 459 1135 548 τὴν

137 572 239 642 πόλιν
267 574 321 642 ἐπὶ
348 570 474 652 πολλάς
500 570 634 659 γενεάς,
662 571 790 650 ἐκεῖνος
816 568 914 657 άρξαι
939 566 1067 656 νόμους
1090 593 1136 635 ια-

139 677 220 760 λοδς
241 680 298 749 καλ
321 681 558 769 συμφέροντας
579 676 758 767 ἀγράφους
782 676 845 765 μὲν
867 674 947 758 τοὺς
967 679 1136 759 πλείστους,

98 807 111 849 ⁶
140 791 210 856 ἔστι
238 784 270 854 δ’
301 783 361 867 οὓς
387 786 444 856 καὶ
471 787 509 855 έν
540 783 713 874 γράμμασι
744 786 920 872 κειμένους
949 781 1137 869 καταστησά·

139 919 255 981 μενος,
283 884 333 962 ῶν
360 890 427 980 έμῶ
453 890 533 974 τοὺς
559 892 621 980 μὲν
649 890 774 972 άλλους
802 889 905 960 οὐδὲν
932 892 1052 978 δέομαι
1073 889 1138 976 γρά-

139 1025 230 1087 φειν,
254 995 314 1080 οὓς
341 999 378 1068 δὲ
405 997 542 1068 πάντων
569 996 713 1088 μάλιστα
739 996 935 1086 τεθαύμακα
957 997 1015 1065 καὶ
1044 997 1077 1079 ἐξ
1098 987 1157 1064 &w

138 1103 309 1193 ὑπείληφα
330 1109 507 1194 καταφανῆ
529 1106 586 1175 καὶ
608 1103 672 1194 τὴν
695 1104 803 1192 άλλην
825 1109 887 1174 τοῦ
909 1101 1038 1192 ἀνδρὸς
1059 1103 1140 1190 γενή-

139 1221 262 1282 σεσθαι
284 1217 511 1301 νομοθεσίαν,
541 1210 587 1294 ῶς
609 1210 759 1301 αὐστηρά
780 1212 838 1281 καὶ
860 1209 1090 1300 μισοπόνηρος
1109 1201 1142 1296 ἦν

100 1320 196 1387 ιοκαλ
218 1318 348 1407 πολλὴν
371 1326 495 1409 ἔχουσα
517 1318 602 1408 πρὸς
624 1317 704 1401 τοὺς
732 1316 901 1406 ἡρωικοὺς
922 1322 1021 1405 βίους
1043 1315 1143 1404 ὁμοιό-

100 1422 121 1488 2
139 1451 233 1512 τητα,
256 1423 302 1495 δι’
323 1424 440 1513 ὀλίγης
461 1423 684 1515 ὑπομνήσεως
706 1429 857 1514 σημανῶ,
880 1428 1023 1494 τοσοῦτο
1046 1449 1144 1513 προει-

139 1530 229 1619 πάν,
261 1530 314 1602 ὅτι
346 1559 403 1621 μοι
436 1537 598 1603 δοκοῦσιν
625 1532 770 1615 ἅπαντες
798 1537 834 1602 οί
859 1532 1077 1614 διατάξαντες
1098 1530 1145 1608 τάς

139 1664 175 1708 τε
201 1637 409 1728 βαρβαρικὰς
434 1640 491 1709 καλ
522 1639 582 1721 τὰς
603 1638 800 1728 Ἑλληνικάς
826 1645 995 1720 πολιτείας
1024 1636 1063 1708 τὸ
1094 1638 1146 1726 μέν
1192 1716 1193 1730 ¹

140 1743 260 1814 κοινὸν
292 1744 407 1834 ὀρθῶς
438 1749 542 1834 ίδείν,
574 1744 627 1816 ὅτι
658 1747 759 1816 πόλιν
788 1745 923 1816 ἅπασαν
952 1749 989 1816 ἐκ
1021 1749 1147 1815 πολλῶν

98 1882 126 1923 1⁵
142 1858 245 1919 οίκων
269 1856 485 1922 συνεστῶσαν
509 1851 622 1942 ὀρθήν
644 1879 680 1922 τε
698 1862 794 1923 πλεῖν
818 1852 906 1934 είκὸς
924 1850 1007 1922 ὅταν
1032 1855 1068 1920 οί
1086 1855 1148 1920 τῶν

141 1960 288 2028 ἰδιωτῶν
316 1957 508 2030 εὐσταθῶσι
535 1966 621 2048 βίοι,
653 1961 710 2030 καὶ
741 1964 889 2048 χειμῶνα
920 1958 1030 2030 πολὺν
1062 1957 1149 2046 άγιιν

35 2121 38 2126 .
141 2062 223 2136 ὅταν
255 2070 364 2147 κακῶς
395 2066 546 2148 ἑκάστοις
577 2073 635 2156 ἔχη
667 2065 707 2137 τά
735 2071 821 2154 ίδια,
853 2069 909 2136 καλ
936 2065 989 2136 ὅτι
1018 2069 1074 2136 δεῖ
1096 2063 1149 2135 τὸν

140 2177 227 2242 νοῦν
250 2177 370 2261 ἔχοντα
391 2173 566 2243 πολιτικὸν
585 2173 645 2244 ἐάν
662 2201 698 2243 τε
720 2176 911 2262 νομοθέτης
928 2173 990 2244 έάν
1008 2200 1044 2243 τε
1062 2180 1150 2261 βασι-

141 2277 218 2360 λεὺς
240 2271 272 2368 ᾖ,
295 2283 400 2350 ταῦτα
418 2289 631 2369 νομοθετείν,
655 2276 828 2368 άποιήσει
847 2284 1000 2361 δικαίους
1016 2279 1076 2348 καλ
1095 2279 1151 2348 σῶ-

100 2435 127 2475 20
141 2411 272 2475 φρονας
294 2385 373 2467 τοὺς
391 2375 459 2455 τῶν
484 2391 629 2456 ἰδιωτῶν
652 2391 758 2474 βίους.
800 2390 834 2470 ἐξ
857 2378 906 2455 ῶν
927 2385 958 2454 δ’
979 2383 1024 2456 άν
1048 2389 1152 2474 ἐπιτη-

140 2492 318 2581 δευμάτων
340 2494 397 2561 καὶ
421 2490 466 2562 δι’
489 2496 572 2562 οἴων
589 2495 746 2579 γένοιντο
765 2496 914 2563 τοιοῦτοι
931 2493 1062 2581 νόμων,
1081 2492 1153 2563 οίαι-

140 2597 193 2668 ἔθ’
215 2597 341 2686 ὁμοίως
363 2597 506 2679 ἅπαντες
530 2602 674 2668 δοκοῦσί
700 2625 758 2687 μοι
781 2603 948 2685 συνιδεῖν,
971 2598 1044 2669 ἀλλ’
1072 2605 1157 2669 ἔνιοί

139 2731 178 2792 με
198 2711 329 2776 πολλοῦ
351 2707 491 2776 καὶτοῦ
513 2705 650 2792 παντός,
673 2703 719 2785 ῶς
740 2710 859 2791 εἰπεῖν,
882 2707 919 2775 ἐν
941 2721 1014 2787 τοῖς
1034 2733 1154 2796 κυριω-

139 2811 253 2893 τάτοις
279 2813 336 2882 καί
362 2812 507 2901 πράτοις
533 2815 649 2901 μέρεσι
676 2817 736 2901 τῆς
757 2818 965 2900 νομοθεσίας
986 2809 1154 2902 ἁμαρτεῖν.

99 2897 259 3026 ἑξαύτίκα
285 2919 362 3007 περὶ
388 2918 507 3007 γάμων
538 2919 596 2988 καὶ
622 2923 681 3006 τῆς
710 2919 795 3009 πρὸς
821 2933 986 3007 γυναῖκας
1009 2919 1194 3010 ὁμιλίαςμοε

140 3023 201 3115 ἀφ’
226 3017 267 3113 ἦς
298 3024 464 3114 ἄρχεσθαι
497 3027 552 3094 δεῖ
580 3023 642 3094 τὸν
671 3028 881 3114 νομοθέτην,
914 3025 1026 3118 ῶσπερ
1051 3029 1108 3098 καὶ
1136 3025 1154 3113 ἡ

211 3262 228 3313 8
247 3256 385 3328 γενέσθαι
404 3255 427 3309 Β
444 3247 619 3323 ’γενήσεσθαι
632 3257 659 3312 R
730 3262 764 3310 11
782 3255 982 3314 *τοσοῦτονΟ
1058 3263 1090 3314 15
1110 3251 1157 3325 ὄρ-

139 3323 250 3520 θήτὲῐφε
270 3326 304 3397 0,
318 3342 387 3382 corr.
401 3323 541 3379 Bflcheler
612 3332 646 3382 1⁷
666 3325 727 3413 έηηι
741 3321 908 3392 ἕκάστοιςΒ
982 3335 1016 3386 18
1033 3329 1159 3400 νομοθέ-

140 3417 189 3465 της
244 3397 268 3450 Β
339 3387 529 3466 19ᾗοιῐι.Β
600 3403 720 3460 λθτονς
742 3397 841 3455 τῶνΒ
868 3396 980 3464 τοδςΒ
1004 3403 1009 3471 Ι
1034 3397 1065 3468 ἐξ
1087 3401 1159 3456 οἵων

144 3482 167 3520 ο.
214 3466 315 3522 ertlein
332 3467 451 3521 Hermes
469 3463 495 3520 X
513 3483 541 3535 p.
560 3471 613 3522 409
685 3474 720 3525 26
739 3465 877 3539 ἔρχεσθαι
894 3473 920 3526 Α
