2396 3918
139 235 184 301 90
566 238 733 291 -Α-

139 396 271 482 λάττης]
296 402 378 466 ἔθει.
423 401 561 477 Αἰνείας
584 397 622 466 δὲ
640 394 763 485 μαθων
783 394 835 466 ότι
858 395 983 484 ταύτην
1006 394 1067 485 ἄρα
1084 395 1133 483 τήν

139 501 326 588 τετράποδα
348 501 497 591 ἡγεμόνα
519 501 557 572 τό
581 505 757 591 θέσφατον
781 502 897 584 αὐτοῖς
919 503 1042 591 ἐδήλου
1065 519 1168 592 πυροί

47 633 70 678 :2
138 609 322 696 ηκολούθει
337 608 401 680 σὺν
416 609 544 698 ὀλίγοις
562 610 683 702 μικρὸν
697 609 972 700 ὑπολειπόμενος,
997 607 1135 688 δεδοικὼς

139 714 184 803 μὴ
207 712 273 786 ὑπὸ
287 716 445 805 θορύβου
467 722 535 787 τῶν
550 717 747 787 διωκόντων
770 717 975 807 ἀποτραπείη
994 723 1053 806 τῆς
1071 715 1137 786 κατὰ
1189 705 1190 742 ³

98 797 125 928 ²⁵
140 825 286 910 δαίμονα
301 821 396 893 ὁδοῦ.
418 822 508 912 καλή
528 824 590 911 μὲν
610 823 697 912 ἀμφὶ
709 823 789 906 τοὺς
807 835 913 895 είκοσι
926 825 983 894 καὶ
1001 827 1137 912 τέτταρας

140 933 299 1010 σταδίους
320 928 385 999 άπὸ
413 933 583 1017 θαλάττης
606 935 792 1002 διελθοῦσα
819 932 930 1021 λόφον
957 932 1035 1002 τινὰ
1056 951 1139 1021 προσ-

139 1039 328 1125 ανατρέχει,
356 1043 444 1107 ἔνθα
470 1035 537 1107 ὑπὸ
562 1039 716 1127 καμάτου
745 1039 946 1128 μοχθήσασα
974 1043 1140 1122 καθέζεται.

60 1180 75 1192 Δ
138 1148 184 1236 τῷ
216 1144 254 1213 δὲ
286 1149 406 1236 Αίνείφ
438 1145 550 1235 (τέλος
581 1144 647 1235 γὰρ
681 1145 724 1216 τὰ
755 1148 969 1236 μαντεύματα
1001 1150 1140 1235 ἐφαίνετο

140 1251 244 1342 ἔχειν)
268 1248 391 1338 ὁρῶντι
414 1250 452 1321 τὸ
476 1258 602 1340 χωρίον
625 1258 687 1340 γῆς
707 1279 745 1324 τε
765 1252 828 1323 ούκ
851 1256 888 1323 ἐν
901 1260 992 1346 καλῷ
1015 1254 1072 1322 καί
1092 1262 1141 1320 θα-

100 1393 126 1433 10
140 1357 260 1444 λάττης
281 1358 397 1447 πρόσω
420 1361 476 1428 καλ
501 1358 582 1428 ούδλ
604 1360 727 1448 ταύτης
748 1363 996 1449 ἐνορμίσασθαι
1015 1360 1142 1448 άγαθής,

138 1464 245 1553 πολλή
263 1471 463 1554 παρίσταται
481 1465 666 1554 ἀμηχανία,
689 1468 813 1557 πότερα
837 1467 900 1557 χρή
927 1473 974 1561 τῷ
996 1466 1144 1556 θεσφάτῳ
1190 1533 1191 1552 2

138 1574 365 1660 πειθομένους
396 1570 503 1643 αὐτοῦ
534 1588 718 1660 κατοικεῖν,
752 1580 839 1643 ἔνθα
871 1573 1026 1662 λυπηρὸν
1055 1573 1144 1643 είσαελ

138 1685 217 1766 βίον
239 1685 420 1768 τρίψουσιν
443 1678 585 1760 ούδενὸς
608 1685 755 1770 χρηστοῦ
769 1679 1009 1768 ἀπολαύοντες,
1033 1678 1055 1769 ή
1078 1705 1145 1768 προ

99 1802 120 1867 3
140 1787 273 1872 σωτέρω
297 1789 467 1874 χωρητέον
482 1789 535 1855 ἐπὶ
558 1792 620 1875 γής
633 1787 814 1875 ἀμείνονος
828 1787 1022 1875 μάστευσιν.
1055 1792 1146 1857 'casnm

99 1925 125 1967 15
141 1889 179 1960 δὲ
207 1889 296 1984 αύτῷ
325 1897 560 1986 διανοουμένῳ
587 1895 643 1962 καὶ
665 1892 744 1975 τοὺς
767 1893 879 1975 θεοὺς.
900 1900 1012 1988 ἔχοντι
1037 1894 1084 1963 δι’
1108 1899 1147 1961 αί

138 2003 211 2078 τίας
238 1997 336 2087 ίίφνω
363 2003 494 2088 λέγεται
521 2001 623 2088 φωνή
643 2028 694 2082 τις
722 2005 757 2070 έκ
779 2006 839 2090 τῆς
865 2002 975 2090 νάπης
1002 2001 1150 2090 άφανοός
1191 2041 1192 2058 2

140 2103 239 2185 όντος
268 2113 330 2176 τού
364 2110 603 2195 φθεγγομένου
639 2123 843 2196 προσπεσεῖν
879 2108 1068 2178 κελεύουσα
1103 2111 1150 2196 με’-
1191 2149 1192 2184 ;

138 2239 213 2284 νειν
236 2241 271 2284 τε
295 2213 419 2284 αύτόθι
441 2217 497 2284 καὶ
519 2221 716 2297 πολίζεσθαι
740 2214 797 2283 διὰ
815 2219 944 2304 ταχέων
966 2217 1024 2284 καὶ
1049 2215 1096 2305 μή
1113 2219 1151 2307 τῷ

139 2319 255 2414 ἀπόρῳ
278 2326 337 2409 τῆς
358 2321 531 2410 παρούσης
553 2321 653 2408 δόξης
676 2324 909 2411 ἐπιτρέψαντα,
933 2328 965 2392 εί
981 2322 1027 2411 μὴ
1049 2327 1088 2393 ἐν
1106 2321 1157 2394 εύ-.
1191 2365 1192 2368 =

98 2461 125 2500 το
138 2427 228 2519 βότφ
258 2432 300 2516 γή
330 2425 391 2496 τὸν
421 2433 499 2514 βίον
523 2427 712 2516 ἱδρύσεται,
741 2426 805 2515 τὴν
828 2429 1021 2520 μέλλουσάν
1044 2431 1154 2501 τεκαὶ
1191 2469 1192 2474 1

6 2529 7 2534 ἵ
102 2529 223 2614 4όσον
248 2532 341 2603 ούπω
365 2539 541 2623 παροῦσαν
556 2533 714 2623 εὐτυχίαν
737 2534 950 2605 ἀπώσασθαι.
981 2535 1154 2625 εἶναιγὰρ

140 2638 228 2731 αύτῷ
258 2642 478 2728 πεπρωμένον
506 2643 542 2710 ἐκ
568 2640 691 2728 ταύτης
719 2640 919 2731 ὁρμεόμενον
946 2649 1006 2731 τῆς
1028 2649 1157 2732 λυπρᾶς

138 2747 195 2814 καὶ
218 2743 334 2832 όλύγης
360 2745 398 2815 τὸ
426 2752 561 2836 πρῶτον
590 2748 752 2836 οἰκήσεως
780 2749 909 2838 πολλήν
931 2752 988 2819 καὶ
1015 2749 1192 2838 άγαθὴνυλ

139 2852 381 2939 ἐπικτήσασθαι
413 2858 478 2942 γῆν
511 2853 576 2925 σὺν
609 2855 735 2948 χρόνῳ·
767 2859 863 2926 παισί
896 2858 933 2927 δὲ
964 2855 1075 2928 αὐτοῦ
1106 2859 1159 2925 καὶ

99 2993 125 3034 25
140 2957 292 3048 ἐγγόνοις
316 2965 454 3029 ἔσεσθαι
485 2960 592 3050 ἀρχὴν
629 2969 789 3051 μεγίστην
821 2965 877 3032 καὶ
909 2964 962 3033 ἐπὶ
997 2973 1159 3033 πλείστου

138 3064 265 3154 χρόνον
288 3067 634 3156 ἐκμηκυνθησομένην
656 3068 810 3158 ὑπάρξαι.
855 3070 982 3159 ταύτην
1005 3069 1072 3159 μὲν
1098 3063 1160 3140 οὖν

210 3301 226 3348 2
245 3293 407 3366 τετράποδα
430 3315 484 3353 om.
507 3300 531 3353 B
598 3307 633 3356 -6,
653 3306 669 3354 9
692 3296 839 3370 θαλάσσης
861 3303 885 3356 Β
962 3308 995 3357 11
1020 3305 1164 3372 παρίστα-

138 3368 211 3420 τοΒ
281 3374 313 3421 12
334 3363 423 3421 αὐτοῦ
442 3368 635 3438 πειθομένους
653 3372 706 3425 ΑΒ
774 3378 806 3426 17
827 3371 1006 3443 φεγγομένου
1023 3374 1051 3428 Α
1070 3377 1074 3444 Ι
1093 3370 1168 3445 πρὸς

139 3436 224 3490 ποσίν
241 3436 287 3491 Ba
357 3443 391 3492 23
410 3435 442 3491 τὸ
465 3434 644 3509 πρότερονΒ
726 3448 760 3497 25
779 3447 912 3500 πλείστου
935 3446 961 3499 A
978 3446 1167 3502 πλείστουΒ

176 3512 210 3562 26
229 3502 357 3575 *χρόνον
377 3508 432 3561 AB
