<?xml version="1.0" encoding="UTF-8"?>
<!DOCTYPE html PUBLIC "-//W3C//DTD XHTML 1.0 Transitional//EN"
    "http://www.w3.org/TR/xhtml1/DTD/xhtml1-transitional.dtd">
<html xmlns="http://www.w3.org/1999/xhtml" xml:lang="en" lang="en">
 <head>
  <title>
</title>
<meta http-equiv="Content-Type" content="text/html;charset=utf-8" />
  <meta name='ocr-system' content='tesseract 3.04.00' />
  <meta name='ocr-capabilities' content='ocr_page ocr_carea ocr_par ocr_line ocrx_word'/>
</head>
<body>
  <div class='ocr_page' id='page_1' title='image "./antiquitatumrom00jacogoog_0189.png"; bbox 0 0 2396 3918; ppageno 0'>
   <div class='ocr_carea' id='block_1_1' title="bbox 453 198 619 252">
    <p class='ocr_par' dir='ltr' id='par_1_1' title="bbox 453 198 619 252">
     <span class='ocr_line' id='line_1_1' title="bbox 453 198 619 252; baseline 0.012 -14"><span class='ocrx_word' id='word_1_1' title='bbox 453 198 619 252; x_wconf 80' lang='grc' dir='ltr'>..Β-</span> 
     </span>
    </p>
   </div>
   <div class='ocr_carea' id='block_1_2' title="bbox 6 350 1081 3416">
    <p class='ocr_par' dir='ltr' id='par_1_2' title="bbox 6 350 1081 3416">
     <span class='ocr_line' id='line_1_2' title="bbox 7 350 1042 451; baseline 0.016 -37"><span class='ocrx_word' id='word_1_2' title='bbox 7 355 97 419; x_wconf 70' lang='grc' dir='ltr'><strong><em>ιλτύν</em></strong></span> <span class='ocrx_word' id='word_1_3' title='bbox 123 350 167 440; x_wconf 79' lang='grc' dir='ltr'><strong><em>μὴ</em></strong></span> <span class='ocrx_word' id='word_1_4' title='bbox 196 358 415 443; x_wconf 80' lang='grc' dir='ltr'><strong><em>πειθομένων</em></strong></span> <span class='ocrx_word' id='word_1_5' title='bbox 442 361 487 449; x_wconf 75' lang='grc' dir='ltr'><strong><em>τῷ</em></strong></span> <span class='ocrx_word' id='word_1_6' title='bbox 518 358 612 451; x_wconf 83' lang='grc' dir='ltr'><strong><em>νόμω</em></strong></span> <span class='ocrx_word' id='word_1_7' title='bbox 644 366 759 448; x_wconf 80' lang='grc' dir='ltr'><strong><em>ζημίας</em></strong></span> <span class='ocrx_word' id='word_1_8' title='bbox 789 359 912 451; x_wconf 80' lang='grc' dir='ltr'><strong><em>ὥρισεν</em></strong></span> <span class='ocrx_word' id='word_1_9' title='bbox 939 361 1042 442; x_wconf 79' lang='grc' dir='ltr'><strong><em>ἄλλας</em></strong></span> 
     </span>
     <span class='ocr_line' id='line_1_3' title="bbox 33 460 1040 556; baseline 0.009 -30"><span class='ocrx_word' id='word_1_10' title='bbox 33 485 61 526; x_wconf 87' lang='grc' dir='ltr'><strong><em>τε</em></strong></span> <span class='ocrx_word' id='word_1_11' title='bbox 81 461 213 548; x_wconf 78' lang='grc' dir='ltr'><strong><em>καὶτῆς</em></strong></span> <span class='ocrx_word' id='word_1_12' title='bbox 233 460 352 543; x_wconf 89' lang='grc' dir='ltr'><strong><em>ούσίας</em></strong></span> <span class='ocrx_word' id='word_1_13' title='bbox 371 462 485 534; x_wconf 77' lang='grc' dir='ltr'><strong><em>αὐτῶν</em></strong></span> <span class='ocrx_word' id='word_1_14' title='bbox 504 463 566 552; x_wconf 79' lang='grc' dir='ltr'><strong><em>τὴν</em></strong></span> <span class='ocrx_word' id='word_1_15' title='bbox 582 463 739 553; x_wconf 79' lang='grc' dir='ltr'><strong><em>ἡμίσειαν</em></strong></span> <span class='ocrx_word' id='word_1_16' title='bbox 758 466 845 537; x_wconf 78' lang='grc' dir='ltr'><strong><em>εἶναι</em></strong></span> <span class='ocrx_word' id='word_1_17' title='bbox 865 472 1040 556; x_wconf 85' lang='grc' dir='ltr'><strong><em>δημοσίαν.</em></strong></span> 
     </span>
     <span class='ocr_line' id='line_1_4' title="bbox 33 567 1081 660; baseline 0.01 -28"><span class='ocrx_word' id='word_1_18' title='bbox 33 570 133 635; x_wconf 78' lang='grc' dir='ltr'><strong><em>ἔπειτα</em></strong></span> <span class='ocrx_word' id='word_1_19' title='bbox 155 567 367 656; x_wconf 78' lang='grc' dir='ltr'><strong><em>καταμαθάν</em></strong></span> <span class='ocrx_word' id='word_1_20' title='bbox 390 568 517 650; x_wconf 86' lang='grc' dir='ltr'><strong><em>πολλάς</em></strong></span> <span class='ocrx_word' id='word_1_21' title='bbox 538 576 607 640; x_wconf 81' lang='grc' dir='ltr'><strong><em>τῶν</em></strong></span> <span class='ocrx_word' id='word_1_22' title='bbox 629 571 712 641; x_wconf 83' lang='grc' dir='ltr'><strong><em>κατὰ</em></strong></span> <span class='ocrx_word' id='word_1_23' title='bbox 734 571 797 660; x_wconf 80' lang='grc' dir='ltr'><strong><em>τὴν</em></strong></span> <span class='ocrx_word' id='word_1_24' title='bbox 817 572 961 643; x_wconf 86' lang='grc' dir='ltr'><strong><em>Ἰταλίαν</em></strong></span> <span class='ocrx_word' id='word_1_25' title='bbox 981 573 1040 642; x_wconf 87' lang='grc' dir='ltr'><strong><em>πό-</em></strong></span> <span class='ocrx_word' id='word_1_26' title='bbox 1059 577 1081 643; x_wconf 87' lang='grc'><strong>3</strong></span> 
     </span>
     <span class='ocr_line' id='line_1_5' title="bbox 31 678 1040 769; baseline 0.008 -29"><span class='ocrx_word' id='word_1_27' title='bbox 31 680 107 742; x_wconf 87' lang='grc' dir='ltr'><strong><em>λεων</em></strong></span> <span class='ocrx_word' id='word_1_28' title='bbox 138 680 299 765; x_wconf 78' lang='grc' dir='ltr'><strong><em>πονηρῶς</em></strong></span> <span class='ocrx_word' id='word_1_29' title='bbox 333 679 637 767; x_wconf 75' lang='grc' dir='ltr'><strong><em>ἐπιτροπευομένας</em></strong></span> <span class='ocrx_word' id='word_1_30' title='bbox 668 678 734 749; x_wconf 82' lang='grc' dir='ltr'><strong><em>ὑπὸ</em></strong></span> <span class='ocrx_word' id='word_1_31' title='bbox 763 684 979 769; x_wconf 77' lang='grc' dir='ltr'><strong><em>τυραννίδων</em></strong></span> <span class='ocrx_word' id='word_1_32' title='bbox 1006 707 1040 749; x_wconf 87' lang='grc' dir='ltr'><strong><em>τε</em></strong></span> 
     </span>
     <span class='ocr_line' id='line_1_6' title="bbox 31 779 1080 873; baseline 0.009 -26"><span class='ocrx_word' id='word_1_33' title='bbox 31 781 77 848; x_wconf 79' lang='grc' dir='ltr'><strong><em>καὶ</em></strong></span> <span class='ocrx_word' id='word_1_34' title='bbox 113 779 336 873; x_wconf 74' lang='grc' dir='ltr'><strong><em>ὀλιγαρχιῶν,</em></strong></span> <span class='ocrx_word' id='word_1_35' title='bbox 372 783 453 866; x_wconf 86' lang='grc' dir='ltr'><strong><em>τούς</em></strong></span> <span class='ocrx_word' id='word_1_36' title='bbox 489 787 525 854; x_wconf 86' lang='grc' dir='ltr'><strong><em>ἐκ</em></strong></span> <span class='ocrx_word' id='word_1_37' title='bbox 556 786 687 856; x_wconf 91' lang='grc' dir='ltr'><strong><em>τούτων</em></strong></span> <span class='ocrx_word' id='word_1_38' title='bbox 719 789 935 868; x_wconf 76' lang='grc' dir='ltr'><strong><em>ἐκπίπτοντας</em></strong></span> <span class='ocrx_word' id='word_1_39' title='bbox 970 791 1039 856; x_wconf 80' lang='grc' dir='ltr'><strong><em>τάν</em></strong></span> <span class='ocrx_word' id='word_1_40' title='bbox 1066 815 1080 856; x_wconf 84' lang='grc' dir='ltr'><strong><em>τ</em></strong></span> 
     </span>
     <span class='ocr_line' id='line_1_7' title="bbox 30 886 1040 984; baseline 0.008 -30"><span class='ocrx_word' id='word_1_41' title='bbox 30 886 151 958; x_wconf 90' lang='grc' dir='ltr'><strong><em>πόλεων</em></strong></span> <span class='ocrx_word' id='word_1_42' title='bbox 177 890 327 977; x_wconf 85' lang='grc' dir='ltr'><strong><em>συχνούς</em></strong></span> <span class='ocrx_word' id='word_1_43' title='bbox 351 890 464 978; x_wconf 81' lang='grc' dir='ltr'><strong><em>ὄντας,</em></strong></span> <span class='ocrx_word' id='word_1_44' title='bbox 487 898 519 961; x_wconf 88' lang='grc' dir='ltr'><strong><em>εί</em></strong></span> <span class='ocrx_word' id='word_1_45' title='bbox 540 893 650 980; x_wconf 92' lang='grc' dir='ltr'><strong><em>μόνον</em></strong></span> <span class='ocrx_word' id='word_1_46' title='bbox 674 891 742 962; x_wconf 83' lang='grc' dir='ltr'><strong><em>είεν</em></strong></span> <span class='ocrx_word' id='word_1_47' title='bbox 763 895 949 984; x_wconf 86' lang='grc' dir='ltr'><strong><em>ἐλεύθεροι,</em></strong></span> <span class='ocrx_word' id='word_1_48' title='bbox 968 897 1040 962; x_wconf 91' lang='grc' dir='ltr'><strong><em>δια-</em></strong></span> 
     </span>
     <span class='ocr_line' id='line_1_8' title="bbox 31 994 1040 1087; baseline 0.007 -25"><span class='ocrx_word' id='word_1_49' title='bbox 31 1001 146 1082; x_wconf 90' lang='grc' dir='ltr'><strong><em>κρίνων</em></strong></span> <span class='ocrx_word' id='word_1_50' title='bbox 181 994 261 1066; x_wconf 75' lang='grc' dir='ltr'><strong><em>ου”τε</em></strong></span> <span class='ocrx_word' id='word_1_51' title='bbox 298 997 477 1087; x_wconf 82' lang='grc' dir='ltr'><strong><em>συμφορὰς</em></strong></span> <span class='ocrx_word' id='word_1_52' title='bbox 515 998 592 1069; x_wconf 85' lang='grc' dir='ltr'><strong><em>ούτε</em></strong></span> <span class='ocrx_word' id='word_1_53' title='bbox 631 999 734 1087; x_wconf 81' lang='grc' dir='ltr'><strong><em>τύχας</em></strong></span> <span class='ocrx_word' id='word_1_54' title='bbox 769 997 881 1069; x_wconf 76' lang='grc' dir='ltr'><strong><em>αὐτῶν</em></strong></span> <span class='ocrx_word' id='word_1_55' title='bbox 918 997 1040 1069; x_wconf 82' lang='grc' dir='ltr'><strong><em>ὑποδέ-</em></strong></span> 
     </span>
     <span class='ocr_line' id='line_1_9' title="bbox 32 1103 1040 1195; baseline 0.005 -25"><span class='ocrx_word' id='word_1_56' title='bbox 32 1113 139 1188; x_wconf 84' lang='grc' dir='ltr'><strong><em>χεσθαι</em></strong></span> <span class='ocrx_word' id='word_1_57' title='bbox 172 1104 230 1172; x_wconf 76' lang='grc' dir='ltr'><strong><em>καὶ</em></strong></span> <span class='ocrx_word' id='word_1_58' title='bbox 268 1104 426 1192; x_wconf 79' lang='grc' dir='ltr'><strong><em>μετάγειν</em></strong></span> <span class='ocrx_word' id='word_1_59' title='bbox 464 1103 510 1186; x_wconf 80' lang='grc' dir='ltr'><strong><em>ὡς</em></strong></span> <span class='ocrx_word' id='word_1_60' title='bbox 547 1103 668 1175; x_wconf 83' lang='grc' dir='ltr'><strong><em>ἑαυτὸν</em></strong></span> <span class='ocrx_word' id='word_1_61' title='bbox 702 1108 875 1195; x_wconf 84' lang='grc' dir='ltr'><strong><em>ἐπεχείρει,</em></strong></span> <span class='ocrx_word' id='word_1_62' title='bbox 911 1106 974 1194; x_wconf 83' lang='grc' dir='ltr'><strong><em>τήν</em></strong></span> <span class='ocrx_word' id='word_1_63' title='bbox 1006 1133 1040 1176; x_wconf 91' lang='grc' dir='ltr'><strong><em>τε</em></strong></span> 
     </span>
     <span class='ocr_line' id='line_1_10' title="bbox 30 1205 1040 1306; baseline 0.007 -30"><span class='ocrx_word' id='word_1_64' title='bbox 30 1205 188 1298; x_wconf 85' lang='grc' dir='ltr'><strong><em>Ῥωμαίων</em></strong></span> <span class='ocrx_word' id='word_1_65' title='bbox 222 1210 371 1299; x_wconf 84' lang='grc' dir='ltr'><strong><em>δύναμιν</em></strong></span> <span class='ocrx_word' id='word_1_66' title='bbox 406 1210 548 1300; x_wconf 80' lang='grc' dir='ltr'><strong><em>αὐξῆσαι</em></strong></span> <span class='ocrx_word' id='word_1_67' title='bbox 581 1214 765 1300; x_wconf 79' lang='grc' dir='ltr'><strong><em>βουληθεὶς</em></strong></span> <span class='ocrx_word' id='word_1_68' title='bbox 795 1213 851 1281; x_wconf 82' lang='grc' dir='ltr'><strong><em>καὶ</em></strong></span> <span class='ocrx_word' id='word_1_69' title='bbox 882 1211 941 1293; x_wconf 82' lang='grc' dir='ltr'><strong><em>τὰς</em></strong></span> <span class='ocrx_word' id='word_1_70' title='bbox 971 1217 1040 1306; x_wconf 79' lang='grc' dir='ltr'><strong><em>τῶν</em></strong></span> 
     </span>
     <span class='ocr_line' id='line_1_11' title="bbox 30 1319 1079 1408; baseline 0.001 -23"><span class='ocrx_word' id='word_1_71' title='bbox 30 1323 201 1403; x_wconf 86' lang='grc' dir='ltr'><strong><em>περιοίκων</em></strong></span> <span class='ocrx_word' id='word_1_72' title='bbox 244 1321 441 1387; x_wconf 77' lang='grc' dir='ltr'><strong><em>ἐλαττῶσαι·</em></strong></span> <span class='ocrx_word' id='word_1_73' title='bbox 492 1321 596 1389; x_wconf 78' lang='grc' dir='ltr'><strong><em>ἐποίει</em></strong></span> <span class='ocrx_word' id='word_1_74' title='bbox 644 1320 682 1389; x_wconf 81' lang='grc' dir='ltr'><strong><em>δέ</em></strong></span> <span class='ocrx_word' id='word_1_75' title='bbox 721 1323 825 1390; x_wconf 75' lang='grc' dir='ltr'><strong><em>ταῦτα</em></strong></span> <span class='ocrx_word' id='word_1_76' title='bbox 864 1319 1038 1408; x_wconf 90' lang='grc' dir='ltr'><strong><em>πρόφασιν</em></strong></span> <span class='ocrx_word' id='word_1_77' title='bbox 1052 1345 1079 1386; x_wconf 84' lang='grc' dir='ltr'><strong><em>ιο</em></strong></span> 
     </span>
     <span class='ocr_line' id='line_1_12' title="bbox 30 1421 1039 1514; baseline 0.003 -23"><span class='ocrx_word' id='word_1_78' title='bbox 30 1423 164 1514; x_wconf 78' lang='grc' dir='ltr'><strong><em>ἐξευρόν</em></strong></span> <span class='ocrx_word' id='word_1_79' title='bbox 192 1421 340 1514; x_wconf 80' lang='grc' dir='ltr'><strong><em>εὐπρεπῆ</em></strong></span> <span class='ocrx_word' id='word_1_80' title='bbox 368 1427 427 1495; x_wconf 79' lang='grc' dir='ltr'><strong><em>καὶ</em></strong></span> <span class='ocrx_word' id='word_1_81' title='bbox 456 1431 504 1507; x_wconf 88' lang='grc' dir='ltr'><strong><em>είς</em></strong></span> <span class='ocrx_word' id='word_1_82' title='bbox 530 1432 616 1496; x_wconf 80' lang='grc' dir='ltr'><strong><em>θεοῦ</em></strong></span> <span class='ocrx_word' id='word_1_83' title='bbox 643 1426 745 1514; x_wconf 78' lang='grc' dir='ltr'><strong><em>τιμὴν</em></strong></span> <span class='ocrx_word' id='word_1_84' title='bbox 772 1425 810 1495; x_wconf 88' lang='grc' dir='ltr'><strong><em>τό</em></strong></span> <span class='ocrx_word' id='word_1_85' title='bbox 835 1432 935 1514; x_wconf 78' lang='grc' dir='ltr'><strong><em>ἔργον</em></strong></span> <span class='ocrx_word' id='word_1_86' title='bbox 958 1424 1039 1495; x_wconf 87' lang='grc' dir='ltr'><strong><em>άνα-</em></strong></span> 
     </span>
     <span class='ocr_line' id='line_1_13' title="bbox 28 1529 1079 1621; baseline 0.007 -22"><span class='ocrx_word' id='word_1_87' title='bbox 28 1533 141 1615; x_wconf 86' lang='grc' dir='ltr'><strong><em>φέρων.</em></strong></span> <span class='ocrx_word' id='word_1_88' title='bbox 178 1529 217 1601; x_wconf 90' lang='grc' dir='ltr'><strong><em>τὸ</em></strong></span> <span class='ocrx_word' id='word_1_89' title='bbox 236 1531 303 1621; x_wconf 80' lang='grc' dir='ltr'><strong><em>γάρ</em></strong></span> <span class='ocrx_word' id='word_1_90' title='bbox 322 1531 446 1620; x_wconf 81' lang='grc' dir='ltr'><strong><em>μεταξύ</em></strong></span> <span class='ocrx_word' id='word_1_91' title='bbox 464 1537 591 1621; x_wconf 84' lang='grc' dir='ltr'><strong><em>χωρίον</em></strong></span> <span class='ocrx_word' id='word_1_92' title='bbox 609 1537 670 1602; x_wconf 84' lang='grc' dir='ltr'><strong><em>τού</em></strong></span> <span class='ocrx_word' id='word_1_93' title='bbox 688 1559 724 1603; x_wconf 92' lang='grc' dir='ltr'><strong><em>τε</em></strong></span> <span class='ocrx_word' id='word_1_94' title='bbox 743 1538 959 1602; x_wconf 81' lang='grc' dir='ltr'><strong><em>Καπιτωλίου</em></strong></span> <span class='ocrx_word' id='word_1_95' title='bbox 982 1532 1038 1600; x_wconf 76' lang='grc' dir='ltr'><strong><em>καὶ</em></strong></span> <span class='ocrx_word' id='word_1_96' title='bbox 1056 1542 1079 1606; x_wconf 88' lang='grc'>4</span> 
     </span>
     <span class='ocr_line' id='line_1_14' title="bbox 26 1635 1037 1728; baseline 0.004 -25"><span class='ocrx_word' id='word_1_97' title='bbox 26 1641 75 1724; x_wconf 78' lang='grc' dir='ltr'><strong><em>τῆς</em></strong></span> <span class='ocrx_word' id='word_1_98' title='bbox 103 1637 226 1728; x_wconf 80' lang='grc' dir='ltr'><strong><em>ἄκρας,</em></strong></span> <span class='ocrx_word' id='word_1_99' title='bbox 256 1635 274 1708; x_wconf 84' lang='grc' dir='ltr'>ὃ</span> <span class='ocrx_word' id='word_1_100' title='bbox 298 1647 448 1709; x_wconf 75' lang='grc' dir='ltr'><strong><em>καλεῖται</em></strong></span> <span class='ocrx_word' id='word_1_101' title='bbox 475 1643 542 1708; x_wconf 85' lang='grc' dir='ltr'><strong><em>νύν</em></strong></span> <span class='ocrx_word' id='word_1_102' title='bbox 568 1637 653 1708; x_wconf 81' lang='grc' dir='ltr'><strong><em>κατὰ</em></strong></span> <span class='ocrx_word' id='word_1_103' title='bbox 683 1637 745 1726; x_wconf 78' lang='grc' dir='ltr'><strong><em>τὴν</em></strong></span> <span class='ocrx_word' id='word_1_104' title='bbox 763 1636 936 1726; x_wconf 86' lang='grc' dir='ltr'><strong><em>Ῥωμαίων</em></strong></span> <span class='ocrx_word' id='word_1_105' title='bbox 965 1639 1037 1707; x_wconf 92' lang='grc' dir='ltr'><strong><em>διά-</em></strong></span> 
     </span>
     <span class='ocr_line' id='line_1_15' title="bbox 25 1737 1037 1835; baseline 0.004 -25"><span class='ocrx_word' id='word_1_106' title='bbox 25 1751 133 1814; x_wconf 91' lang='grc' dir='ltr'><strong><em>λεκτον</em></strong></span> <span class='ocrx_word' id='word_1_107' title='bbox 173 1745 342 1835; x_wconf 74' lang='grc' dir='ltr'><strong><em>μεθόριον</em></strong></span> <span class='ocrx_word' id='word_1_108' title='bbox 381 1749 478 1815; x_wconf 76' lang='grc' dir='ltr'><strong><em>δυεῖν</em></strong></span> <span class='ocrx_word' id='word_1_109' title='bbox 516 1749 657 1835; x_wconf 78' lang='grc' dir='ltr'><strong><em>δρυμῶν</em></strong></span> <span class='ocrx_word' id='word_1_110' title='bbox 693 1745 749 1814; x_wconf 83' lang='grc' dir='ltr'><strong><em>καλ</em></strong></span> <span class='ocrx_word' id='word_1_111' title='bbox 784 1737 829 1832; x_wconf 76' lang='grc' dir='ltr'><strong><em>ἦν</em></strong></span> <span class='ocrx_word' id='word_1_112' title='bbox 865 1744 940 1814; x_wconf 88' lang='grc' dir='ltr'><strong><em>τότε</em></strong></span> <span class='ocrx_word' id='word_1_113' title='bbox 975 1749 1037 1814; x_wconf 86' lang='grc' dir='ltr'><strong><em>τού</em></strong></span> 
     </span>
     <span class='ocr_line' id='line_1_16' title="bbox 25 1841 1077 1941; baseline 0.003 -24"><span class='ocrx_word' id='word_1_114' title='bbox 25 1852 269 1940; x_wconf 79' lang='grc' dir='ltr'><strong><em>συμβεβηκότος</em></strong></span> <span class='ocrx_word' id='word_1_115' title='bbox 297 1851 492 1941; x_wconf 84' lang='grc' dir='ltr'><strong><em>ἐπάνυμον,</em></strong></span> <span class='ocrx_word' id='word_1_116' title='bbox 519 1841 617 1932; x_wconf 80' lang='grc' dir='ltr'><strong><em>ὕλαις</em></strong></span> <span class='ocrx_word' id='word_1_117' title='bbox 643 1850 851 1940; x_wconf 78' lang='grc' dir='ltr'><strong><em>ἀμφιλαφέσι</em></strong></span> <span class='ocrx_word' id='word_1_118' title='bbox 878 1849 950 1921; x_wconf 87' lang='grc' dir='ltr'><strong><em>κατ’</em></strong></span> <span class='ocrx_word' id='word_1_119' title='bbox 975 1850 1036 1940; x_wconf 79' lang='grc' dir='ltr'><strong><em>άμ</em></strong></span> <span class='ocrx_word' id='word_1_120' title='bbox 1052 1875 1077 1920; x_wconf 80' lang='grc' dir='ltr'><strong><em>ιε</em></strong></span> 
     </span>
     <span class='ocr_line' id='line_1_17' title="bbox 25 1958 1037 2046; baseline 0.002 -20"><span class='ocrx_word' id='word_1_121' title='bbox 25 1961 162 2046; x_wconf 87' lang='grc' dir='ltr'><strong><em>φοτέρας</em></strong></span> <span class='ocrx_word' id='word_1_122' title='bbox 188 1958 249 2040; x_wconf 84' lang='grc' dir='ltr'><strong><em>τὰς</em></strong></span> <span class='ocrx_word' id='word_1_123' title='bbox 277 1959 515 2039; x_wconf 78' lang='grc' dir='ltr'><strong><em>συναπτούσας</em></strong></span> <span class='ocrx_word' id='word_1_124' title='bbox 546 1974 617 2040; x_wconf 77' lang='grc' dir='ltr'><strong><em>τοῖς</em></strong></span> <span class='ocrx_word' id='word_1_125' title='bbox 648 1960 768 2045; x_wconf 82' lang='grc' dir='ltr'><strong><em>λόφοις</em></strong></span> <span class='ocrx_word' id='word_1_126' title='bbox 795 1958 941 2045; x_wconf 91' lang='grc' dir='ltr'><strong><em>λαγόνας</em></strong></span> <span class='ocrx_word' id='word_1_127' title='bbox 970 1961 1037 2028; x_wconf 83' lang='grc' dir='ltr'><strong><em>ἐπί-</em></strong></span> 
     </span>
     <span class='ocr_line' id='line_1_18' title="bbox 25 2063 1036 2156; baseline 0.003 -25"><span class='ocrx_word' id='word_1_128' title='bbox 25 2084 124 2153; x_wconf 86' lang='grc' dir='ltr'><strong><em>σκιον,</em></strong></span> <span class='ocrx_word' id='word_1_129' title='bbox 149 2063 244 2156; x_wconf 77' lang='grc' dir='ltr'><strong><em>ἱερὸν</em></strong></span> <span class='ocrx_word' id='word_1_130' title='bbox 268 2065 362 2147; x_wconf 82' lang='grc' dir='ltr'><strong><em>άνεὶς</em></strong></span> <span class='ocrx_word' id='word_1_131' title='bbox 380 2065 510 2135; x_wconf 84' lang='grc' dir='ltr'><strong><em>άσυλον</em></strong></span> <span class='ocrx_word' id='word_1_132' title='bbox 535 2069 656 2146; x_wconf 89' lang='grc' dir='ltr'><strong><em>ίκέταις</em></strong></span> <span class='ocrx_word' id='word_1_133' title='bbox 678 2067 734 2134; x_wconf 82' lang='grc' dir='ltr'><strong><em>καὶ</em></strong></span> <span class='ocrx_word' id='word_1_134' title='bbox 752 2063 838 2134; x_wconf 89' lang='grc' dir='ltr'><strong><em>ναὸν</em></strong></span> <span class='ocrx_word' id='word_1_135' title='bbox 857 2066 910 2134; x_wconf 87' lang='grc' dir='ltr'><strong><em>ἐπὶ</em></strong></span> <span class='ocrx_word' id='word_1_136' title='bbox 928 2064 1036 2156; x_wconf 87' lang='grc' dir='ltr'><strong><em>τούτφ</em></strong></span> 
     </span>
     <span class='ocr_line' id='line_1_19' title="bbox 23 2167 1036 2264; baseline 0.003 -27"><span class='ocrx_word' id='word_1_137' title='bbox 23 2172 352 2261; x_wconf 77' lang='grc' dir='ltr'><strong><em>κατασκευασάμενος</em></strong></span> <span class='ocrx_word' id='word_1_138' title='bbox 371 2171 453 2264; x_wconf 87' lang='grc' dir='ltr'><strong><em>(ότφ</em></strong></span> <span class='ocrx_word' id='word_1_139' title='bbox 478 2173 516 2241; x_wconf 77' lang='grc' dir='ltr'><strong><em>δέ</em></strong></span> <span class='ocrx_word' id='word_1_140' title='bbox 534 2171 600 2260; x_wconf 85' lang='grc' dir='ltr'><strong><em>άρα</em></strong></span> <span class='ocrx_word' id='word_1_141' title='bbox 617 2176 711 2241; x_wconf 78' lang='grc' dir='ltr'><strong><em>θεῶν</em></strong></span> <span class='ocrx_word' id='word_1_142' title='bbox 734 2167 756 2259; x_wconf 80' lang='grc' dir='ltr'>ἢ</span> <span class='ocrx_word' id='word_1_143' title='bbox 780 2171 955 2259; x_wconf 90' lang='grc' dir='ltr'><strong><em>δαιμόνων</em></strong></span> <span class='ocrx_word' id='word_1_144' title='bbox 974 2170 1036 2240; x_wconf 93' lang='grc' dir='ltr'><strong><em>ούκ</em></strong></span> 
     </span>
     <span class='ocr_line' id='line_1_20' title="bbox 24 2278 1035 2370; baseline 0.001 -25"><span class='ocrx_word' id='word_1_145' title='bbox 24 2283 79 2365; x_wconf 80' lang='grc' dir='ltr'><strong><em>ἔχω</em></strong></span> <span class='ocrx_word' id='word_1_146' title='bbox 106 2278 146 2349; x_wconf 87' lang='grc' dir='ltr'><strong><em>τὸ</em></strong></span> <span class='ocrx_word' id='word_1_147' title='bbox 175 2279 283 2370; x_wconf 75' lang='grc' dir='ltr'><strong><em>σαφές</em></strong></span> <span class='ocrx_word' id='word_1_148' title='bbox 311 2284 434 2366; x_wconf 79' lang='grc' dir='ltr'><strong><em>είπείν)</em></strong></span> <span class='ocrx_word' id='word_1_149' title='bbox 461 2294 533 2360; x_wconf 75' lang='grc' dir='ltr'><strong><em>τοῖς</em></strong></span> <span class='ocrx_word' id='word_1_150' title='bbox 558 2279 829 2367; x_wconf 82' lang='grc' dir='ltr'><strong><em>καταφεύγουσιν</em></strong></span> <span class='ocrx_word' id='word_1_151' title='bbox 860 2283 908 2358; x_wconf 86' lang='grc' dir='ltr'><strong><em>είς</em></strong></span> <span class='ocrx_word' id='word_1_152' title='bbox 936 2281 1035 2346; x_wconf 85' lang='grc' dir='ltr'><strong><em>τούτο</em></strong></span> 
     </span>
     <span class='ocr_line' id='line_1_21' title="bbox 6 2380 1077 2476; baseline 0.001 -27"><span class='ocrx_word' id='word_1_153' title='bbox 6 2383 59 2453; x_wconf 73' lang='grc' dir='ltr'><strong><em>ιετὸ</em></strong></span> <span class='ocrx_word' id='word_1_154' title='bbox 86 2380 182 2476; x_wconf 76' lang='grc' dir='ltr'><strong><em>ἱερὸν</em></strong></span> <span class='ocrx_word' id='word_1_155' title='bbox 217 2389 341 2467; x_wconf 76' lang='grc' dir='ltr'><strong><em>ἱκέταις</em></strong></span> <span class='ocrx_word' id='word_1_156' title='bbox 372 2390 434 2457; x_wconf 83' lang='grc' dir='ltr'><strong><em>τού</em></strong></span> <span class='ocrx_word' id='word_1_157' title='bbox 470 2412 506 2455; x_wconf 89' lang='grc' dir='ltr'><strong><em>τε</em></strong></span> <span class='ocrx_word' id='word_1_158' title='bbox 538 2386 645 2474; x_wconf 74' lang='grc' dir='ltr'><strong><em>μηδὲν</em></strong></span> <span class='ocrx_word' id='word_1_159' title='bbox 676 2383 782 2454; x_wconf 87' lang='grc' dir='ltr'><strong><em>κακὸν</em></strong></span> <span class='ocrx_word' id='word_1_160' title='bbox 813 2381 870 2453; x_wconf 86' lang='grc' dir='ltr'><strong><em>ύτί</em></strong></span> <span class='ocrx_word' id='word_1_161' title='bbox 901 2386 1035 2472; x_wconf 77' lang='grc' dir='ltr'><strong><em>ἐχθρῶν</em></strong></span> <span class='ocrx_word' id='word_1_162' title='bbox 1050 2407 1077 2449; x_wconf 80' lang='grc' dir='ltr'><strong><em>ιο</em></strong></span> 
     </span>
     <span class='ocr_line' id='line_1_22' title="bbox 24 2487 1036 2581; baseline 0 -24"><span class='ocrx_word' id='word_1_163' title='bbox 24 2503 141 2564; x_wconf 75' lang='grc' dir='ltr'><strong><em>παθεῖν</em></strong></span> <span class='ocrx_word' id='word_1_164' title='bbox 165 2492 331 2581; x_wconf 78' lang='grc' dir='ltr'><strong><em>ἐγγυητὴς</em></strong></span> <span class='ocrx_word' id='word_1_165' title='bbox 359 2496 488 2579; x_wconf 89' lang='grc' dir='ltr'><strong><em>έγίνετο</em></strong></span> <span class='ocrx_word' id='word_1_166' title='bbox 515 2497 574 2580; x_wconf 83' lang='grc' dir='ltr'><strong><em>της</em></strong></span> <span class='ocrx_word' id='word_1_167' title='bbox 602 2497 650 2572; x_wconf 85' lang='grc' dir='ltr'><strong><em>είς</em></strong></span> <span class='ocrx_word' id='word_1_168' title='bbox 677 2489 715 2560; x_wconf 90' lang='grc' dir='ltr'><strong><em>τὸ</em></strong></span> <span class='ocrx_word' id='word_1_169' title='bbox 743 2500 843 2559; x_wconf 81' lang='grc' dir='ltr'><strong><em>θετον</em></strong></span> <span class='ocrx_word' id='word_1_170' title='bbox 866 2487 1036 2576; x_wconf 79' lang='grc' dir='ltr'><strong><em>εὐσεβείας</em></strong></span> 
     </span>
     <span class='ocr_line' id='line_1_23' title="bbox 25 2595 1036 2690; baseline -0.001 -23"><span class='ocrx_word' id='word_1_171' title='bbox 25 2600 184 2687; x_wconf 87' lang='grc' dir='ltr'><strong><em>προφάσει</em></strong></span> <span class='ocrx_word' id='word_1_172' title='bbox 213 2602 270 2670; x_wconf 86' lang='grc' dir='ltr'><strong><em>καὶ</em></strong></span> <span class='ocrx_word' id='word_1_173' title='bbox 300 2605 332 2669; x_wconf 88' lang='grc' dir='ltr'><strong><em>εί</em></strong></span> <span class='ocrx_word' id='word_1_174' title='bbox 358 2599 541 2686; x_wconf 89' lang='grc' dir='ltr'><strong><em>βούλοιντο</em></strong></span> <span class='ocrx_word' id='word_1_175' title='bbox 569 2597 647 2685; x_wconf 90' lang='grc' dir='ltr'><strong><em>παρ’</em></strong></span> <span class='ocrx_word' id='word_1_176' title='bbox 674 2595 762 2690; x_wconf 78' lang='grc' dir='ltr'><strong><em>αύτῷ</em></strong></span> <span class='ocrx_word' id='word_1_177' title='bbox 795 2599 910 2684; x_wconf 87' lang='grc' dir='ltr'><strong><em>μένειν</em></strong></span> <span class='ocrx_word' id='word_1_178' title='bbox 942 2606 1036 2666; x_wconf 90' lang='grc' dir='ltr'><strong><em>πολι-</em></strong></span> 
     </span>
     <span class='ocr_line' id='line_1_24' title="bbox 25 2699 1036 2795; baseline 0.001 -24"><span class='ocrx_word' id='word_1_179' title='bbox 25 2712 104 2786; x_wconf 85' lang='grc' dir='ltr'><strong><em>τείας</em></strong></span> <span class='ocrx_word' id='word_1_180' title='bbox 133 2710 314 2795; x_wconf 88' lang='grc' dir='ltr'><strong><em>μετεδίδου</em></strong></span> <span class='ocrx_word' id='word_1_181' title='bbox 341 2707 398 2775; x_wconf 80' lang='grc' dir='ltr'><strong><em>καλ</em></strong></span> <span class='ocrx_word' id='word_1_182' title='bbox 425 2710 487 2793; x_wconf 80' lang='grc' dir='ltr'><strong><em>γῆς</em></strong></span> <span class='ocrx_word' id='word_1_183' title='bbox 513 2719 652 2794; x_wconf 76' lang='grc' dir='ltr'><strong><em>μοῖραν,</em></strong></span> <span class='ocrx_word' id='word_1_184' title='bbox 680 2699 724 2789; x_wconf 79' lang='grc' dir='ltr'><strong><em>ἣν</em></strong></span> <span class='ocrx_word' id='word_1_185' title='bbox 754 2702 911 2790; x_wconf 80' lang='grc' dir='ltr'><strong><em>κτήσαιτο</em></strong></span> <span class='ocrx_word' id='word_1_186' title='bbox 940 2712 1036 2772; x_wconf 91' lang='grc' dir='ltr'><strong><em>πολε-</em></strong></span> 
     </span>
     <span class='ocr_line' id='line_1_25' title="bbox 26 2806 1034 2900; baseline 0.001 -21"><span class='ocrx_word' id='word_1_187' title='bbox 26 2817 113 2896; x_wconf 90' lang='grc' dir='ltr'><strong><em>μίους</em></strong></span> <span class='ocrx_word' id='word_1_188' title='bbox 137 2811 358 2900; x_wconf 82' lang='grc' dir='ltr'><strong><em>ἀφελόμενος.</em></strong></span> <span class='ocrx_word' id='word_1_189' title='bbox 400 2815 435 2881; x_wconf 90' lang='grc' dir='ltr'><strong><em>οί</em></strong></span> <span class='ocrx_word' id='word_1_190' title='bbox 456 2810 495 2879; x_wconf 75' lang='grc' dir='ltr'><strong><em>δὲ</em></strong></span> <span class='ocrx_word' id='word_1_191' title='bbox 517 2813 702 2898; x_wconf 80' lang='grc' dir='ltr'><strong><em>συνέρρεον</em></strong></span> <span class='ocrx_word' id='word_1_192' title='bbox 726 2811 763 2878; x_wconf 88' lang='grc' dir='ltr'><strong><em>ἐκ</em></strong></span> <span class='ocrx_word' id='word_1_193' title='bbox 779 2806 905 2890; x_wconf 83' lang='grc' dir='ltr'><strong><em>παντὸς</em></strong></span> <span class='ocrx_word' id='word_1_194' title='bbox 926 2810 1034 2881; x_wconf 90' lang='grc' dir='ltr'><strong><em>τόπου</em></strong></span> 
     </span>
     <span class='ocr_line' id='line_1_26' title="bbox 25 2913 1076 3006; baseline -0.001 -22"><span class='ocrx_word' id='word_1_195' title='bbox 25 2916 58 2985; x_wconf 82' lang='grc' dir='ltr'><strong><em>τά</em></strong></span> <span class='ocrx_word' id='word_1_196' title='bbox 81 2924 186 2988; x_wconf 77' lang='grc' dir='ltr'><strong><em>οίκεῑα</em></strong></span> <span class='ocrx_word' id='word_1_197' title='bbox 210 2917 396 3006; x_wconf 84' lang='grc' dir='ltr'><strong><em>φεύγοντες</em></strong></span> <span class='ocrx_word' id='word_1_198' title='bbox 419 2915 505 2985; x_wconf 83' lang='grc' dir='ltr'><strong><em>κακὰ</em></strong></span> <span class='ocrx_word' id='word_1_199' title='bbox 532 2917 588 2984; x_wconf 81' lang='grc' dir='ltr'><strong><em>καὶ</em></strong></span> <span class='ocrx_word' id='word_1_200' title='bbox 618 2913 726 2984; x_wconf 81' lang='grc' dir='ltr'><strong><em>οὐκέτι</em></strong></span> <span class='ocrx_word' id='word_1_201' title='bbox 755 2916 893 3005; x_wconf 82' lang='grc' dir='ltr'><strong><em>ἑτέρωσε</em></strong></span> <span class='ocrx_word' id='word_1_202' title='bbox 916 2913 1035 2986; x_wconf 91' lang='grc' dir='ltr'><strong><em>άπανί-</em></strong></span> <span class='ocrx_word' id='word_1_203' title='bbox 1049 2941 1076 2984; x_wconf 83' lang='grc' dir='ltr'><strong><em>ετ</em></strong></span> 
     </span>
     <span class='ocr_line' id='line_1_27' title="bbox 26 3021 1033 3113; baseline 0.004 -24"><span class='ocrx_word' id='word_1_204' title='bbox 26 3044 138 3094; x_wconf 87' lang='grc' dir='ltr'><strong><em>σταντο</em></strong></span> <span class='ocrx_word' id='word_1_205' title='bbox 170 3040 245 3106; x_wconf 85' lang='grc' dir='ltr'><strong><em>ταῖς</em></strong></span> <span class='ocrx_word' id='word_1_206' title='bbox 276 3023 357 3093; x_wconf 86' lang='grc' dir='ltr'><strong><em>καθ’</em></strong></span> <span class='ocrx_word' id='word_1_207' title='bbox 387 3022 517 3113; x_wconf 78' lang='grc' dir='ltr'><strong><em>ἡμέραν</em></strong></span> <span class='ocrx_word' id='word_1_208' title='bbox 550 3021 696 3111; x_wconf 88' lang='grc' dir='ltr'><strong><em>ὁμιλίαις</em></strong></span> <span class='ocrx_word' id='word_1_209' title='bbox 726 3023 782 3091; x_wconf 82' lang='grc' dir='ltr'><strong><em>καλ</em></strong></span> <span class='ocrx_word' id='word_1_210' title='bbox 809 3021 945 3112; x_wconf 77' lang='grc' dir='ltr'><strong><em>χάρισιν</em></strong></span> <span class='ocrx_word' id='word_1_211' title='bbox 973 3021 1033 3093; x_wconf 83' lang='grc' dir='ltr'><strong><em>ὑπ’</em></strong></span> 
     </span>
     <span class='ocr_line' id='line_1_28' title="bbox 26 3129 372 3219; baseline 0.009 -24"><span class='ocrx_word' id='word_1_212' title='bbox 26 3129 120 3201; x_wconf 80' lang='grc' dir='ltr'><strong><em>αὐτοῦ</em></strong></span> <span class='ocrx_word' id='word_1_213' title='bbox 144 3131 372 3219; x_wconf 83' lang='grc' dir='ltr'><strong><em>κατεχόμενοι.</em></strong></span> 
     </span>
     <span class='ocr_line' id='line_1_29' title="bbox 88 3265 1036 3344; baseline 0.003 -18"><span class='ocrx_word' id='word_1_214' title='bbox 88 3280 122 3328; x_wconf 82' lang='grc'><strong><em>16</em></strong></span> <span class='ocrx_word' id='word_1_215' title='bbox 143 3269 361 3344; x_wconf 80' lang='grc' dir='ltr'><strong><em>σνναγαγούσας</em></strong></span> <span class='ocrx_word' id='word_1_216' title='bbox 379 3274 412 3342; x_wconf 91' lang='grc' dir='ltr'><strong><em>ΑΙ</em></strong></span> <span class='ocrx_word' id='word_1_217' title='bbox 429 3272 606 3342; x_wconf 75' lang='lat' dir='ltr'><strong>(Ambrosoh)</strong></span> <span class='ocrx_word' id='word_1_218' title='bbox 688 3277 723 3326; x_wconf 78' lang='lat'><strong><em>20</em></strong></span> <span class='ocrx_word' id='word_1_219' title='bbox 745 3265 836 3326; x_wconf 84' lang='grc' dir='ltr'><strong><em>κακόν</em></strong></span> <span class='ocrx_word' id='word_1_220' title='bbox 854 3275 964 3327; x_wconf 79' lang='grc' dir='ltr'><strong><em>παθεῖν</em></strong></span> <span class='ocrx_word' id='word_1_221' title='bbox 983 3269 1036 3329; x_wconf 77' lang='grc' dir='ltr'><strong><em>ὑπ’</em></strong></span> 
     </span>
     <span class='ocr_line' id='line_1_30' title="bbox 29 3336 1036 3416; baseline 0.007 -21"><span class='ocrx_word' id='word_1_222' title='bbox 29 3336 171 3412; x_wconf 80' lang='grc' dir='ltr'><strong><em>ε’χθρῶνΒ</em></strong></span> <span class='ocrx_word' id='word_1_223' title='bbox 253 3351 287 3399; x_wconf 77' lang='lat'><strong><em>21</em></strong></span> <span class='ocrx_word' id='word_1_224' title='bbox 309 3341 423 3413; x_wconf 83' lang='grc' dir='ltr'><strong><em>ἐγένετο</em></strong></span> <span class='ocrx_word' id='word_1_225' title='bbox 443 3343 551 3399; x_wconf 83' lang='lat' dir='ltr'>Grimm</span> <span class='ocrx_word' id='word_1_226' title='bbox 631 3347 665 3396; x_wconf 80' lang='lat'><strong><em>23</em></strong></span> <span class='ocrx_word' id='word_1_227' title='bbox 690 3343 788 3412; x_wconf 84' lang='grc' dir='ltr'><strong><em>μοίρας</em></strong></span> <span class='ocrx_word' id='word_1_228' title='bbox 810 3343 897 3413; x_wconf 81' lang='lat' dir='ltr'><strong>vulgo</strong></span> <span class='ocrx_word' id='word_1_229' title='bbox 920 3344 1036 3416; x_wconf 77' lang='lat' dir='ltr'>legitur,</span> 
     </span>
    </p>
   </div>
   <div class='ocr_carea' id='block_1_3' title="bbox 28 3413 1036 3558">
    <p class='ocr_par' dir='ltr' id='par_1_3' title="bbox 28 3413 1036 3558">
     <span class='ocr_line' id='line_1_31' title="bbox 28 3413 1036 3488; baseline 0.009 -22"><span class='ocrx_word' id='word_1_230' title='bbox 28 3419 118 3482; x_wconf 83' lang='grc' dir='ltr'><strong><em>μοῖραν</em></strong></span> <span class='ocrx_word' id='word_1_231' title='bbox 143 3415 230 3472; x_wconf 77' lang='lat' dir='ltr'>editio</span> <span class='ocrx_word' id='word_1_232' title='bbox 253 3415 356 3471; x_wconf 80' lang='lat' dir='ltr'><strong>Kiessl.</strong></span> <span class='ocrx_word' id='word_1_233' title='bbox 381 3415 441 3470; x_wconf 77' lang='lat' dir='ltr'><strong>sola</strong></span> <span class='ocrx_word' id='word_1_234' title='bbox 462 3415 588 3484; x_wconf 66' lang='lat' dir='ltr'><strong><em>praebet7</em></strong></span> <span class='ocrx_word' id='word_1_235' title='bbox 615 3413 669 3468; x_wconf 88' lang='lat' dir='ltr'><strong>del.</strong></span> <span class='ocrx_word' id='word_1_236' title='bbox 693 3413 816 3469; x_wconf 83' lang='lat' dir='ltr'>Reudler</span> <span class='ocrx_word' id='word_1_237' title='bbox 839 3413 931 3470; x_wconf 70' lang='grc' dir='ltr'><strong><em>Τίτου.</em></strong></span> <span class='ocrx_word' id='word_1_238' title='bbox 954 3437 982 3488; x_wconf 89' lang='lat' dir='ltr'><strong><em>p.</em></strong></span> <span class='ocrx_word' id='word_1_239' title='bbox 1002 3425 1036 3475; x_wconf 80' lang='lat'><strong><em>22</em></strong></span> 
     </span>
     <span class='ocr_line' id='line_1_32' title="bbox 28 3480 503 3558; baseline 0.004 -21"><span class='ocrx_word' id='word_1_240' title='bbox 28 3488 56 3537; x_wconf 78' lang='lat'><strong><em>24</em></strong></span> <span class='ocrx_word' id='word_1_241' title='bbox 73 3480 107 3555; x_wconf 77' lang='grc' dir='ltr'><strong><em>ἣν</em></strong></span> <span class='ocrx_word' id='word_1_242' title='bbox 127 3487 262 3556; x_wconf 77' lang='grc' dir='ltr'><strong><em>κτήσαιτο</em></strong></span> <span class='ocrx_word' id='word_1_243' title='bbox 280 3489 432 3558; x_wconf 80' lang='grc' dir='ltr'><strong><em>πολεμίους</em></strong></span> <span class='ocrx_word' id='word_1_244' title='bbox 450 3486 503 3540; x_wconf 88' lang='lat' dir='ltr'><strong><em>AB</em></strong></span> 
     </span>
    </p>
   </div>
   <div class='ocr_carea' id='block_1_4' title="bbox 0 0 1202 3918">
    <p class='ocr_par' dir='ltr' id='par_1_4' title="bbox 0 0 1202 3918">
     <span class='ocr_line' id='line_1_33' title="bbox 0 0 1202 3918; baseline 0 4"><span class='ocrx_word' id='word_1_245' title='bbox 0 0 1202 3918; x_wconf 95' lang='lat' dir='ltr'><strong><em> </em></strong></span> 
     </span>
    </p>
   </div>
  </div>
 </body>
</html>
