<?xml version="1.0" encoding="UTF-8"?>
<!DOCTYPE html PUBLIC "-//W3C//DTD XHTML 1.0 Transitional//EN"
    "http://www.w3.org/TR/xhtml1/DTD/xhtml1-transitional.dtd">
<html xmlns="http://www.w3.org/1999/xhtml" xml:lang="en" lang="en">
 <head>
  <title>
</title>
<meta http-equiv="Content-Type" content="text/html;charset=utf-8" />
  <meta name='ocr-system' content='tesseract 3.04.00' />
  <meta name='ocr-capabilities' content='ocr_page ocr_carea ocr_par ocr_line ocrx_word'/>
</head>
<body>
  <div class='ocr_page' id='page_1' title='image "./antiquitatumrom00jacogoog_0180.png"; bbox 0 0 2396 3918; ppageno 0'>
   <div class='ocr_carea' id='block_1_1' title="bbox 142 197 727 290">
    <p class='ocr_par' dir='ltr' id='par_1_1' title="bbox 142 197 727 290">
     <span class='ocr_line' id='line_1_1' title="bbox 142 197 727 290; baseline -0.01 -28"><span class='ocrx_word' id='word_1_1' title='bbox 142 197 204 262; x_wconf 81' lang='grc' dir='ltr'><strong><em>ωε</em></strong></span> <span class='ocrx_word' id='word_1_2' title='bbox 364 283 367 290; x_wconf 14' lang='grc' dir='ltr'><strong>Δ</strong></span> <span class='ocrx_word' id='word_1_3' title='bbox 563 200 727 256; x_wconf 76' lang='grc' dir='ltr'><strong><em>-Β-</em></strong></span> 
     </span>
    </p>
   </div>
   <div class='ocr_carea' id='block_1_2' title="bbox 95 358 1184 3224">
    <p class='ocr_par' dir='ltr' id='par_1_2' title="bbox 138 358 1125 772">
     <span class='ocr_line' id='line_1_2' title="bbox 139 358 1122 460; baseline -0.001 -32"><span class='ocrx_word' id='word_1_4' title='bbox 139 361 313 460; x_wconf 81' lang='grc' dir='ltr'><strong><em>ἐκκλησίας</em></strong></span> <span class='ocrx_word' id='word_1_5' title='bbox 332 363 492 447; x_wconf 77' lang='grc' dir='ltr'><strong><em>συνῆγον.</em></strong></span> <span class='ocrx_word' id='word_1_6' title='bbox 530 365 600 430; x_wconf 80' lang='grc' dir='ltr'><strong><em>ἔστι</em></strong></span> <span class='ocrx_word' id='word_1_7' title='bbox 620 361 658 429; x_wconf 71' lang='grc' dir='ltr'><strong><em>δὲ</em></strong></span> <span class='ocrx_word' id='word_1_8' title='bbox 677 360 754 430; x_wconf 78' lang='grc' dir='ltr'><strong><em>οὔτε</em></strong></span> <span class='ocrx_word' id='word_1_9' title='bbox 767 358 794 452; x_wconf 75' lang='grc' dir='ltr'><strong><em>λλγ</em></strong></span> <span class='ocrx_word' id='word_1_10' title='bbox 813 365 882 430; x_wconf 82' lang='grc' dir='ltr'><strong><em>τῶν</em></strong></span> <span class='ocrx_word' id='word_1_11' title='bbox 900 360 1054 450; x_wconf 78' lang='grc' dir='ltr'><strong><em>κηρύκων</em></strong></span> <span class='ocrx_word' id='word_1_12' title='bbox 1066 358 1122 429; x_wconf 86' lang='grc' dir='ltr'><strong><em>ἀνά-</em></strong></span> 
     </span>
     <span class='ocr_line' id='line_1_3' title="bbox 138 465 1124 558; baseline 0.002 -25"><span class='ocrx_word' id='word_1_13' title='bbox 138 473 254 552; x_wconf 90' lang='grc' dir='ltr'><strong><em>κλησις</em></strong></span> <span class='ocrx_word' id='word_1_14' title='bbox 275 471 334 555; x_wconf 78' lang='grc' dir='ltr'><strong><em>τῆς</em></strong></span> <span class='ocrx_word' id='word_1_15' title='bbox 361 465 531 555; x_wconf 81' lang='grc' dir='ltr'><strong><em>εὐγενείας</em></strong></span> <span class='ocrx_word' id='word_1_16' title='bbox 554 472 623 537; x_wconf 78' lang='grc' dir='ltr'><strong><em>τῶν</em></strong></span> <span class='ocrx_word' id='word_1_17' title='bbox 646 475 830 558; x_wconf 76' lang='grc' dir='ltr'><strong><em>πατρικίων</em></strong></span> <span class='ocrx_word' id='word_1_18' title='bbox 853 467 1049 558; x_wconf 79' lang='grc' dir='ltr'><strong><em>τεκμήριον,</em></strong></span> <span class='ocrx_word' id='word_1_19' title='bbox 1071 467 1124 536; x_wconf 84' lang='grc' dir='ltr'><strong><em>ολτε</em></strong></span> 
     </span>
     <span class='ocr_line' id='line_1_4' title="bbox 139 568 1124 664; baseline 0.002 -24"><span class='ocrx_word' id='word_1_20' title='bbox 139 568 160 658; x_wconf 82' lang='grc' dir='ltr'><strong><em>ἡ</em></strong></span> <span class='ocrx_word' id='word_1_21' title='bbox 187 575 246 660; x_wconf 81' lang='grc' dir='ltr'><strong><em>τῆς</em></strong></span> <span class='ocrx_word' id='word_1_22' title='bbox 272 574 423 662; x_wconf 77' lang='grc' dir='ltr'><strong><em>βυκάνης</em></strong></span> <span class='ocrx_word' id='word_1_23' title='bbox 451 573 549 662; x_wconf 80' lang='grc' dir='ltr'><strong><em>φωνὴ</em></strong></span> <span class='ocrx_word' id='word_1_24' title='bbox 579 579 638 662; x_wconf 78' lang='grc' dir='ltr'><strong><em>τῆς</em></strong></span> <span class='ocrx_word' id='word_1_25' title='bbox 664 574 833 662; x_wconf 76' lang='grc' dir='ltr'><strong><em>ἀγνωσίας</em></strong></span> <span class='ocrx_word' id='word_1_26' title='bbox 862 580 931 646; x_wconf 78' lang='grc' dir='ltr'><strong><em>τῶν</em></strong></span> <span class='ocrx_word' id='word_1_27' title='bbox 962 579 1124 664; x_wconf 76' lang='grc' dir='ltr'><strong><em>δημοτικῶν</em></strong></span> 
     </span>
     <span class='ocr_line' id='line_1_5' title="bbox 139 677 1125 772; baseline 0.003 -26"><span class='ocrx_word' id='word_1_28' title='bbox 139 677 327 767; x_wconf 84' lang='grc' dir='ltr'><strong><em>σύμβολον,</em></strong></span> <span class='ocrx_word' id='word_1_29' title='bbox 357 678 430 750; x_wconf 91' lang='grc' dir='ltr'><strong><em>ἀλλ’</em></strong></span> <span class='ocrx_word' id='word_1_30' title='bbox 457 683 566 771; x_wconf 74' lang='grc' dir='ltr'><strong><em>ἐκείνη</em></strong></span> <span class='ocrx_word' id='word_1_31' title='bbox 600 681 661 770; x_wconf 76' lang='grc' dir='ltr'><strong><em>μέν</em></strong></span> <span class='ocrx_word' id='word_1_32' title='bbox 693 688 804 772; x_wconf 80' lang='grc' dir='ltr'><strong><em>τιμῆς,</em></strong></span> <span class='ocrx_word' id='word_1_33' title='bbox 837 681 920 772; x_wconf 79' lang='grc' dir='ltr'><strong><em>αὕτη</em></strong></span> <span class='ocrx_word' id='word_1_34' title='bbox 954 683 992 752; x_wconf 78' lang='grc' dir='ltr'><strong><em>δέ</em></strong></span> <span class='ocrx_word' id='word_1_35' title='bbox 1022 681 1125 770; x_wconf 83' lang='grc' dir='ltr'><strong><em>τάχους.</em></strong></span> 
     </span>
    </p>

    <p class='ocr_par' dir='ltr' id='par_1_3' title="bbox 96 779 1125 982">
     <span class='ocr_line' id='line_1_6' title="bbox 96 779 1125 882; baseline -0.001 -26"><span class='ocrx_word' id='word_1_36' title='bbox 96 815 109 856; x_wconf 84' lang='grc' dir='ltr'><strong><em>ο</em></strong></span> <span class='ocrx_word' id='word_1_37' title='bbox 139 783 179 854; x_wconf 86' lang='grc' dir='ltr'><strong><em>ού</em></strong></span> <span class='ocrx_word' id='word_1_38' title='bbox 202 785 265 876; x_wconf 85' lang='grc' dir='ltr'><strong><em>γὰρ</em></strong></span> <span class='ocrx_word' id='word_1_39' title='bbox 290 783 402 858; x_wconf 78' lang='grc' dir='ltr'><strong><em>οἷόντε</em></strong></span> <span class='ocrx_word' id='word_1_40' title='bbox 425 779 469 874; x_wconf 80' lang='grc' dir='ltr'><strong><em>ἦν</em></strong></span> <span class='ocrx_word' id='word_1_41' title='bbox 488 790 526 858; x_wconf 87' lang='grc' dir='ltr'><strong><em>έν</em></strong></span> <span class='ocrx_word' id='word_1_42' title='bbox 546 787 648 881; x_wconf 82' lang='grc' dir='ltr'><strong><em>όλίγφ</em></strong></span> <span class='ocrx_word' id='word_1_43' title='bbox 665 790 777 882; x_wconf 75' lang='grc' dir='ltr'><strong><em>χρόνῳ</em></strong></span> <span class='ocrx_word' id='word_1_44' title='bbox 797 788 858 878; x_wconf 80' lang='grc' dir='ltr'><strong><em>τὴν</em></strong></span> <span class='ocrx_word' id='word_1_45' title='bbox 877 787 1015 877; x_wconf 79' lang='grc' dir='ltr'><strong><em>πληθύν</em></strong></span> <span class='ocrx_word' id='word_1_46' title='bbox 1038 797 1125 857; x_wconf 78' lang='grc' dir='ltr'><strong><em>καλεῖν</em></strong></span> 
     </span>
     <span class='ocr_line' id='line_1_7' title="bbox 136 891 369 982; baseline 0.017 -21"><span class='ocrx_word' id='word_1_47' title='bbox 136 894 170 974; x_wconf 82' lang='grc' dir='ltr'><strong><em>ἐξ</em></strong></span> <span class='ocrx_word' id='word_1_48' title='bbox 194 891 369 982; x_wconf 86' lang='grc' dir='ltr'><strong><em>ὀνόματος.</em></strong></span> 
     </span>
    </p>

    <p class='ocr_par' dir='ltr' id='par_1_4' title="bbox 135 999 1131 1307">
     <span class='ocr_line' id='line_1_8' title="bbox 226 999 1128 1092; baseline 0 -23"><span class='ocrx_word' id='word_1_49' title='bbox 226 1003 332 1070; x_wconf 84' lang='lat' dir='ltr'><strong>VIIII.</strong></span> <span class='ocrx_word' id='word_1_50' title='bbox 358 999 395 1068; x_wconf 92' lang='lat'><strong><em>‘0</em></strong></span> <span class='ocrx_word' id='word_1_51' title='bbox 413 1001 451 1070; x_wconf 76' lang='grc' dir='ltr'><strong><em>δὲ</em></strong></span> <span class='ocrx_word' id='word_1_52' title='bbox 469 999 639 1090; x_wconf 79' lang='grc' dir='ltr'><strong><em>Ῥωμύλος</em></strong></span> <span class='ocrx_word' id='word_1_53' title='bbox 657 1001 773 1091; x_wconf 75' lang='grc' dir='ltr'><strong><em>ἐπειδὴ</em></strong></span> <span class='ocrx_word' id='word_1_54' title='bbox 792 1005 937 1092; x_wconf 84' lang='grc' dir='ltr'><strong><em>διέκρινε</em></strong></span> <span class='ocrx_word' id='word_1_55' title='bbox 954 999 1035 1084; x_wconf 83' lang='grc' dir='ltr'><strong><em>τοὺς</em></strong></span> <span class='ocrx_word' id='word_1_56' title='bbox 1047 1007 1128 1092; x_wconf 86' lang='grc' dir='ltr'><strong><em>κρείτ-</em></strong></span> 
     </span>
     <span class='ocr_line' id='line_1_9' title="bbox 135 1106 1130 1199; baseline -0.003 -22"><span class='ocrx_word' id='word_1_57' title='bbox 135 1134 215 1189; x_wconf 84' lang='grc' dir='ltr'><strong><em>τους</em></strong></span> <span class='ocrx_word' id='word_1_58' title='bbox 242 1106 307 1178; x_wconf 90' lang='grc' dir='ltr'><strong><em>ἀπὸ</em></strong></span> <span class='ocrx_word' id='word_1_59' title='bbox 334 1111 404 1180; x_wconf 76' lang='grc' dir='ltr'><strong><em>τῶν</em></strong></span> <span class='ocrx_word' id='word_1_60' title='bbox 431 1107 603 1199; x_wconf 76' lang='grc' dir='ltr'><strong><em>ἡττόνων,</em></strong></span> <span class='ocrx_word' id='word_1_61' title='bbox 632 1112 829 1198; x_wconf 76' lang='grc' dir='ltr'><strong><em>ἐνομοθέτει</em></strong></span> <span class='ocrx_word' id='word_1_62' title='bbox 857 1106 938 1197; x_wconf 80' lang='grc' dir='ltr'><strong><em>μετὰ</em></strong></span> <span class='ocrx_word' id='word_1_63' title='bbox 967 1108 1130 1179; x_wconf 78' lang='grc' dir='ltr'><strong><em>τοῦτοκαὶ</em></strong></span> 
     </span>
     <span class='ocr_line' id='line_1_10' title="bbox 138 1213 1131 1307; baseline -0.001 -24"><span class='ocrx_word' id='word_1_64' title='bbox 138 1218 316 1305; x_wconf 76' lang='grc' dir='ltr'><strong><em>διέταττεν,</em></strong></span> <span class='ocrx_word' id='word_1_65' title='bbox 339 1213 360 1284; x_wconf 86' lang='grc' dir='ltr'><strong><em>ἀ</em></strong></span> <span class='ocrx_word' id='word_1_66' title='bbox 383 1215 446 1305; x_wconf 80' lang='grc' dir='ltr'><strong><em>χρὴ</em></strong></span> <span class='ocrx_word' id='word_1_67' title='bbox 469 1216 627 1306; x_wconf 90' lang='grc' dir='ltr'><strong><em>πράττειν</em></strong></span> <span class='ocrx_word' id='word_1_68' title='bbox 651 1218 842 1307; x_wconf 82' lang='grc' dir='ltr'><strong><em>ἑκατέρους·</em></strong></span> <span class='ocrx_word' id='word_1_69' title='bbox 865 1213 945 1298; x_wconf 82' lang='grc' dir='ltr'><strong><em>τοὺς</em></strong></span> <span class='ocrx_word' id='word_1_70' title='bbox 967 1215 1030 1304; x_wconf 60' lang='grc' dir='ltr'><strong><em>μὲν</em></strong></span> <span class='ocrx_word' id='word_1_71' title='bbox 1053 1213 1131 1284; x_wconf 81' lang='grc' dir='ltr'><strong><em>εύτν·</em></strong></span> 
     </span>
    </p>

    <p class='ocr_par' dir='ltr' id='par_1_5' title="bbox 96 1319 1182 1840">
     <span class='ocr_line' id='line_1_11' title="bbox 96 1319 1129 1454; baseline 0 -65"><span class='ocrx_word' id='word_1_72' title='bbox 96 1349 123 1389; x_wconf 89' lang='lat'><strong><em>10</em></strong></span> <span class='ocrx_word' id='word_1_73' title='bbox 136 1326 253 1412; x_wconf 87' lang='grc' dir='ltr'><strong><em>τρίδας</em></strong></span> <span class='ocrx_word' id='word_1_74' title='bbox 276 1327 439 1454; x_wconf 79' lang='grc' dir='ltr'><strong><em>ἱερᾶσθαί</em></strong></span> <span class='ocrx_word' id='word_1_75' title='bbox 455 1350 492 1393; x_wconf 92' lang='grc' dir='ltr'><strong><em>τε</em></strong></span> <span class='ocrx_word' id='word_1_76' title='bbox 517 1321 618 1393; x_wconf 72' lang='grc' dir='ltr'><strong><em>ταδ’</em></strong></span> <span class='ocrx_word' id='word_1_77' title='bbox 597 1351 713 1413; x_wconf 83' lang='grc' dir='ltr'><strong><em>αρχειν</em></strong></span> <span class='ocrx_word' id='word_1_78' title='bbox 741 1326 798 1392; x_wconf 85' lang='grc' dir='ltr'><strong><em>καλ</em></strong></span> <span class='ocrx_word' id='word_1_79' title='bbox 822 1322 968 1406; x_wconf 74' lang='grc' dir='ltr'><strong><em>δικάζειν</em></strong></span> <span class='ocrx_word' id='word_1_80' title='bbox 991 1324 1047 1391; x_wconf 81' lang='grc' dir='ltr'><strong><em>καὶ</em></strong></span> <span class='ocrx_word' id='word_1_81' title='bbox 1070 1319 1129 1410; x_wconf 85' lang='grc' dir='ltr'><strong><em>μεθ’</em></strong></span> 
     </span>
     <span class='ocr_line' id='line_1_12' title="bbox 138 1427 1180 1559; baseline -0.003 -61"><span class='ocrx_word' id='word_1_82' title='bbox 138 1430 260 1499; x_wconf 83' lang='grc' dir='ltr'><strong><em>ἑαυτοῦ</em></strong></span> <span class='ocrx_word' id='word_1_83' title='bbox 283 1428 324 1499; x_wconf 83' lang='grc' dir='ltr'><strong><em>τά</em></strong></span> <span class='ocrx_word' id='word_1_84' title='bbox 346 1428 445 1499; x_wconf 89' lang='grc' dir='ltr'><strong><em>κοινά</em></strong></span> <span class='ocrx_word' id='word_1_85' title='bbox 468 1431 626 1520; x_wconf 87' lang='grc' dir='ltr'><strong><em>πράττειν</em></strong></span> <span class='ocrx_word' id='word_1_86' title='bbox 651 1432 705 1500; x_wconf 83' lang='grc' dir='ltr'><strong><em>έπλ</em></strong></span> <span class='ocrx_word' id='word_1_87' title='bbox 726 1435 796 1501; x_wconf 80' lang='grc' dir='ltr'><strong><em>τῶν</em></strong></span> <span class='ocrx_word' id='word_1_88' title='bbox 819 1429 902 1500; x_wconf 88' lang='grc' dir='ltr'><strong><em>κατά</em></strong></span> <span class='ocrx_word' id='word_1_89' title='bbox 921 1427 1028 1559; x_wconf 87' lang='grc' dir='ltr'><strong><em>&lt;την&gt;</em></strong></span> <span class='ocrx_word' id='word_1_90' title='bbox 1050 1428 1133 1498; x_wconf 89' lang='grc' dir='ltr'><strong><em>πόλιν</em></strong></span> <span class='ocrx_word' id='word_1_91' title='bbox 1177 1457 1180 1540; x_wconf 62' lang='grc' dir='ltr'><strong><em>η</em></strong></span> 
     </span>
     <span class='ocr_line' id='line_1_13' title="bbox 137 1535 1133 1625; baseline 0.001 -23"><span class='ocrx_word' id='word_1_92' title='bbox 137 1539 246 1624; x_wconf 79' lang='grc' dir='ltr'><strong><em>ἔργων</em></strong></span> <span class='ocrx_word' id='word_1_93' title='bbox 283 1538 461 1624; x_wconf 82' lang='grc' dir='ltr'><strong><em>μένοντας,</em></strong></span> <span class='ocrx_word' id='word_1_94' title='bbox 498 1537 578 1618; x_wconf 84' lang='grc' dir='ltr'><strong><em>τοὺς</em></strong></span> <span class='ocrx_word' id='word_1_95' title='bbox 615 1537 652 1606; x_wconf 73' lang='grc' dir='ltr'><strong><em>δὲ</em></strong></span> <span class='ocrx_word' id='word_1_96' title='bbox 691 1535 892 1625; x_wconf 82' lang='grc' dir='ltr'><strong><em>δημοτικοὺς</em></strong></span> <span class='ocrx_word' id='word_1_97' title='bbox 920 1535 1052 1608; x_wconf 92' lang='grc' dir='ltr'><strong><em>τούτων</em></strong></span> <span class='ocrx_word' id='word_1_98' title='bbox 1087 1535 1133 1624; x_wconf 73' lang='grc' dir='ltr'><strong><em>μὲν</em></strong></span> 
     </span>
     <span class='ocr_line' id='line_1_14' title="bbox 135 1639 1182 1810; baseline 0 -100"><span class='ocrx_word' id='word_1_99' title='bbox 135 1639 366 1712; x_wconf 77' lang='grc' dir='ltr'><strong><em>ἀπολελύσθαι</em></strong></span> <span class='ocrx_word' id='word_1_100' title='bbox 402 1647 471 1714; x_wconf 82' lang='grc' dir='ltr'><strong><em>τῶν</em></strong></span> <span class='ocrx_word' id='word_1_101' title='bbox 507 1668 742 1733; x_wconf 88' lang='grc' dir='ltr'><strong><em>πραγματειων</em></strong></span> <span class='ocrx_word' id='word_1_102' title='bbox 775 1641 935 1733; x_wconf 83' lang='grc' dir='ltr'><strong><em>ἀπείρους</em></strong></span> <span class='ocrx_word' id='word_1_103' title='bbox 970 1670 1006 1712; x_wconf 88' lang='grc' dir='ltr'><strong><em>τε</em></strong></span> <span class='ocrx_word' id='word_1_104' title='bbox 1038 1641 1134 1712; x_wconf 81' lang='grc' dir='ltr'><strong><em>αὐτόν</em></strong></span> <span class='ocrx_word' id='word_1_105' title='bbox 1147 1693 1182 1810; x_wconf 32' lang='grc'><strong><em>541</em></strong></span> 
     </span>
     <span class='ocr_line' id='line_1_15' title="bbox 136 1747 1167 1840; baseline 0 -23"><span class='ocrx_word' id='word_1_106' title='bbox 136 1747 237 1829; x_wconf 84' lang='grc' dir='ltr'><strong><em>ὄντας</em></strong></span> <span class='ocrx_word' id='word_1_107' title='bbox 258 1751 315 1818; x_wconf 83' lang='grc' dir='ltr'><strong><em>καὶ</em></strong></span> <span class='ocrx_word' id='word_1_108' title='bbox 338 1748 384 1818; x_wconf 88' lang='grc' dir='ltr'><strong><em>δι’</em></strong></span> <span class='ocrx_word' id='word_1_109' title='bbox 410 1749 556 1839; x_wconf 79' lang='grc' dir='ltr'><strong><em>ἀπορίαν</em></strong></span> <span class='ocrx_word' id='word_1_110' title='bbox 579 1750 761 1840; x_wconf 81' lang='grc' dir='ltr'><strong><em>χρημάτων</em></strong></span> <span class='ocrx_word' id='word_1_111' title='bbox 780 1749 960 1838; x_wconf 81' lang='grc' dir='ltr'><strong><em>ἀσχόλους,</em></strong></span> <span class='ocrx_word' id='word_1_112' title='bbox 983 1761 1167 1838; x_wconf 74' lang='grc' dir='ltr'><strong><em>γεωργεϊνθί</em></strong></span> 
     </span>
    </p>

    <p class='ocr_par' dir='ltr' id='par_1_6' title="bbox 95 1812 1184 2268">
     <span class='ocr_line' id='line_1_16' title="bbox 95 1853 1184 1978; baseline 0 -56"><span class='ocrx_word' id='word_1_113' title='bbox 95 1882 121 1924; x_wconf 86' lang='lat'><strong><em>15</em></strong></span> <span class='ocrx_word' id='word_1_114' title='bbox 136 1854 173 1924; x_wconf 79' lang='grc' dir='ltr'><strong><em>δδ</em></strong></span> <span class='ocrx_word' id='word_1_115' title='bbox 206 1858 262 1925; x_wconf 83' lang='grc' dir='ltr'><strong><em>καὶ</em></strong></span> <span class='ocrx_word' id='word_1_116' title='bbox 293 1872 537 1948; x_wconf 80' lang='grc' dir='ltr'><strong><em>κτηνοτροφεῖν</em></strong></span> <span class='ocrx_word' id='word_1_117' title='bbox 569 1860 625 1927; x_wconf 84' lang='grc' dir='ltr'><strong><em>καλ</em></strong></span> <span class='ocrx_word' id='word_1_118' title='bbox 661 1858 720 1938; x_wconf 84' lang='grc' dir='ltr'><strong><em>τάς</em></strong></span> <span class='ocrx_word' id='word_1_119' title='bbox 751 1855 1021 1947; x_wconf 80' lang='grc' dir='ltr'><strong><em>χρηματοποιοὺς</em></strong></span> <span class='ocrx_word' id='word_1_120' title='bbox 1056 1853 1184 1978; x_wconf 91' lang='grc' dir='ltr'><strong><em>έργλ-</em></strong></span> 
     </span>
     <span class='ocr_line' id='line_1_17' title="bbox 136 1963 1184 2054; baseline -0.001 -22"><span class='ocrx_word' id='word_1_121' title='bbox 136 1971 252 2046; x_wconf 80' lang='grc' dir='ltr'><strong><em>ζεσθαι</em></strong></span> <span class='ocrx_word' id='word_1_122' title='bbox 278 1966 460 2052; x_wconf 78' lang='grc' dir='ltr'><strong><em>τέχνας,“</em></strong></span> <span class='ocrx_word' id='word_1_123' title='bbox 444 1992 502 2033; x_wconf 90' lang='grc' dir='ltr'><strong><em>ινα</em></strong></span> <span class='ocrx_word' id='word_1_124' title='bbox 530 1963 576 2054; x_wconf 80' lang='grc' dir='ltr'><strong><em>μὴ</em></strong></span> <span class='ocrx_word' id='word_1_125' title='bbox 604 1964 842 2050; x_wconf 77' lang='grc' dir='ltr'><strong><em>στασιάζωσιν,</em></strong></span> <span class='ocrx_word' id='word_1_126' title='bbox 873 1963 984 2052; x_wconf 91' lang='grc' dir='ltr'><strong><em>ωσπερ</em></strong></span> <span class='ocrx_word' id='word_1_127' title='bbox 1014 1966 1051 2033; x_wconf 89' lang='grc' dir='ltr'><strong><em>έν</em></strong></span> <span class='ocrx_word' id='word_1_128' title='bbox 1077 1976 1137 2041; x_wconf 84' lang='grc' dir='ltr'><strong><em>ταῖς</em></strong></span> <span class='ocrx_word' id='word_1_129' title='bbox 1183 2009 1184 2012; x_wconf 59' lang='lat'><em>=</em></span> 
     </span>
     <span class='ocr_line' id='line_1_18' title="bbox 134 2067 1139 2162; baseline -0.001 -23"><span class='ocrx_word' id='word_1_130' title='bbox 134 2069 253 2152; x_wconf 88' lang='grc' dir='ltr'><strong><em>ἀλλαις</em></strong></span> <span class='ocrx_word' id='word_1_131' title='bbox 269 2069 463 2158; x_wconf 79' lang='grc' dir='ltr'><strong><em>πόλεσιν,’“</em></strong></span> <span class='ocrx_word' id='word_1_132' title='bbox 442 2100 462 2160; x_wconf 92' lang='grc' dir='ltr'><strong><em>η</em></strong></span> <span class='ocrx_word' id='word_1_133' title='bbox 483 2076 551 2141; x_wconf 80' lang='grc' dir='ltr'><strong><em>τῶν</em></strong></span> <span class='ocrx_word' id='word_1_134' title='bbox 570 2075 608 2142; x_wconf 91' lang='grc' dir='ltr'><strong><em>έν</em></strong></span> <span class='ocrx_word' id='word_1_135' title='bbox 626 2074 713 2143; x_wconf 81' lang='grc' dir='ltr'><strong><em>τέλει</em></strong></span> <span class='ocrx_word' id='word_1_136' title='bbox 731 2070 1049 2162; x_wconf 79' lang='grc' dir='ltr'><strong><em>προπηλακιζόντων</em></strong></span> <span class='ocrx_word' id='word_1_137' title='bbox 1071 2067 1139 2148; x_wconf 81' lang='grc' dir='ltr'><strong><em>τοὺς</em></strong></span> 
     </span>
     <span class='ocr_line' id='line_1_19' title="bbox 134 2173 1138 2268; baseline -0.003 -21"><span class='ocrx_word' id='word_1_138' title='bbox 134 2177 313 2259; x_wconf 83' lang='grc' dir='ltr'><strong><em>ταπεινοὺς</em></strong></span> <span class='ocrx_word' id='word_1_139' title='bbox 340 2173 362 2264; x_wconf 78' lang='grc' dir='ltr'><em>ἢ</em></span> <span class='ocrx_word' id='word_1_140' title='bbox 392 2182 461 2248; x_wconf 79' lang='grc' dir='ltr'><strong><em>τῶν</em></strong></span> <span class='ocrx_word' id='word_1_141' title='bbox 474 2229 477 2236; x_wconf 38' lang='lat'>1</span> <span class='ocrx_word' id='word_1_142' title='bbox 490 2178 632 2265; x_wconf 83' lang='grc' dir='ltr'><strong><em>φαύλων</em></strong></span> <span class='ocrx_word' id='word_1_143' title='bbox 658 2176 761 2248; x_wconf 86' lang='grc' dir='ltr'><strong><em>καλ’</em></strong></span> <span class='ocrx_word' id='word_1_144' title='bbox 742 2178 882 2268; x_wconf 88' lang='grc' dir='ltr'><strong><em>απόρων</em></strong></span> <span class='ocrx_word' id='word_1_145' title='bbox 913 2191 984 2258; x_wconf 82' lang='grc' dir='ltr'><strong><em>τοῖς</em></strong></span> <span class='ocrx_word' id='word_1_146' title='bbox 1012 2179 1049 2246; x_wconf 89' lang='grc' dir='ltr'><strong><em>έν</em></strong></span> <span class='ocrx_word' id='word_1_147' title='bbox 1077 2189 1138 2254; x_wconf 79' lang='grc' dir='ltr'><strong><em>ταῖς</em></strong></span> 
     </span>
    </p>

    <p class='ocr_par' dir='ltr' id='par_1_7' title="bbox 95 2281 1140 2375">
     <span class='ocr_line' id='line_1_20' title="bbox 95 2281 1140 2375; baseline 0.001 -26"><span class='ocrx_word' id='word_1_148' title='bbox 95 2281 314 2375; x_wconf 81' lang='grc' dir='ltr'><strong><em>2ύπεροχαλς</em></strong></span> <span class='ocrx_word' id='word_1_149' title='bbox 350 2284 588 2371; x_wconf 79' lang='grc' dir='ltr'><strong><em>φθονούντων.</em></strong></span> <span class='ocrx_word' id='word_1_150' title='bbox 648 2282 932 2375; x_wconf 81' lang='grc' dir='ltr'><strong><em>παρακαταθήκας</em></strong></span> <span class='ocrx_word' id='word_1_151' title='bbox 973 2282 1011 2351; x_wconf 73' lang='grc' dir='ltr'><strong><em>δέ</em></strong></span> <span class='ocrx_word' id='word_1_152' title='bbox 1048 2287 1140 2351; x_wconf 79' lang='grc' dir='ltr'><strong><em>ἔδωκε</em></strong></span> 
     </span>
    </p>

    <p class='ocr_par' dir='ltr' id='par_1_8' title="bbox 95 2385 1145 3224">
     <span class='ocr_line' id='line_1_21' title="bbox 95 2385 1140 2480; baseline 0 -23"><span class='ocrx_word' id='word_1_153' title='bbox 95 2417 124 2458; x_wconf 77' lang='grc' dir='ltr'><strong><em>το</em></strong></span> <span class='ocrx_word' id='word_1_154' title='bbox 138 2405 208 2472; x_wconf 79' lang='grc' dir='ltr'><strong><em>τοῖς</em></strong></span> <span class='ocrx_word' id='word_1_155' title='bbox 239 2385 425 2480; x_wconf 84' lang='grc' dir='ltr'><strong><em>πατρικίοις</em></strong></span> <span class='ocrx_word' id='word_1_156' title='bbox 456 2389 535 2472; x_wconf 84' lang='grc' dir='ltr'><strong><em>τοὺς</em></strong></span> <span class='ocrx_word' id='word_1_157' title='bbox 572 2390 773 2479; x_wconf 84' lang='grc' dir='ltr'><strong><em>δημοτικοὺς</em></strong></span> <span class='ocrx_word' id='word_1_158' title='bbox 809 2393 987 2480; x_wconf 74' lang='grc' dir='ltr'><strong><em>ἐπιτρέψας</em></strong></span> <span class='ocrx_word' id='word_1_159' title='bbox 1024 2389 1140 2479; x_wconf 76' lang='grc' dir='ltr'><strong><em>ἑκάστω</em></strong></span> 
     </span>
     <span class='ocr_line' id='line_1_22' title="bbox 136 2494 1141 2586; baseline -0.003 -21"><span class='ocrx_word' id='word_1_160' title='bbox 136 2501 204 2566; x_wconf 79' lang='grc' dir='ltr'><strong><em>τῶν</em></strong></span> <span class='ocrx_word' id='word_1_161' title='bbox 228 2500 264 2566; x_wconf 82' lang='grc' dir='ltr'><strong><em>ἐκ</em></strong></span> <span class='ocrx_word' id='word_1_162' title='bbox 283 2500 347 2566; x_wconf 86' lang='grc' dir='ltr'><strong><em>τού</em></strong></span> <span class='ocrx_word' id='word_1_163' title='bbox 370 2496 534 2584; x_wconf 82' lang='grc' dir='ltr'><strong><em>πλήθους,</em></strong></span> <span class='ocrx_word' id='word_1_164' title='bbox 559 2494 600 2566; x_wconf 87' lang='grc' dir='ltr'><strong><em>δν</em></strong></span> <span class='ocrx_word' id='word_1_165' title='bbox 619 2495 721 2577; x_wconf 83' lang='grc' dir='ltr'><strong><em>αὐτὸς</em></strong></span> <span class='ocrx_word' id='word_1_166' title='bbox 739 2495 906 2584; x_wconf 77' lang='grc' dir='ltr'><strong><em>ἐβούλετο,</em></strong></span> <span class='ocrx_word' id='word_1_167' title='bbox 930 2500 1046 2586; x_wconf 85' lang='grc' dir='ltr'><strong><em>νέμειν</em></strong></span> <span class='ocrx_word' id='word_1_168' title='bbox 1067 2521 1141 2585; x_wconf 88' lang='grc' dir='ltr'><strong><em>προ-</em></strong></span> 
     </span>
     <span class='ocr_line' id='line_1_23' title="bbox 135 2595 1145 2696; baseline -0.003 -25"><span class='ocrx_word' id='word_1_169' title='bbox 135 2603 274 2690; x_wconf 89' lang='grc' dir='ltr'><strong><em>στάτην,</em></strong></span> <span class='ocrx_word' id='word_1_170' title='bbox 308 2609 388 2683; x_wconf 82' lang='grc' dir='ltr'><strong><em>ἔθος</em></strong></span> <span class='ocrx_word' id='word_1_171' title='bbox 414 2601 612 2691; x_wconf 83' lang='grc' dir='ltr'><strong><em>Ἑλληνικὸν</em></strong></span> <span class='ocrx_word' id='word_1_172' title='bbox 648 2605 704 2672; x_wconf 85' lang='grc' dir='ltr'><strong><em>καλ</em></strong></span> <span class='ocrx_word' id='word_1_173' title='bbox 736 2601 893 2692; x_wconf 80' lang='grc' dir='ltr'><strong><em>ἀρχαῖον,</em></strong></span> <span class='ocrx_word' id='word_1_174' title='bbox 931 2595 959 2696; x_wconf 71' lang='grc' dir='ltr'><em>ᾧ</em></span> <span class='ocrx_word' id='word_1_175' title='bbox 991 2605 1145 2675; x_wconf 81' lang='grc' dir='ltr'><strong><em>Θετταλοί</em></strong></span> 
     </span>
     <span class='ocr_line' id='line_1_24' title="bbox 136 2709 1142 2799; baseline -0.003 -21"><span class='ocrx_word' id='word_1_176' title='bbox 136 2735 171 2778; x_wconf 89' lang='grc' dir='ltr'><strong><em>τε</em></strong></span> <span class='ocrx_word' id='word_1_177' title='bbox 199 2710 295 2797; x_wconf 86' lang='grc' dir='ltr'><strong><em>μέχρι</em></strong></span> <span class='ocrx_word' id='word_1_178' title='bbox 322 2713 449 2778; x_wconf 83' lang='grc' dir='ltr'><strong><em>πολλοῦ</em></strong></span> <span class='ocrx_word' id='word_1_179' title='bbox 475 2709 644 2799; x_wconf 75' lang='grc' dir='ltr'><strong><em>,χρεόμενοι</em></strong></span> <span class='ocrx_word' id='word_1_180' title='bbox 672 2713 863 2781; x_wconf 81' lang='grc' dir='ltr'><strong><em>διετέλεσαν</em></strong></span> <span class='ocrx_word' id='word_1_181' title='bbox 892 2712 949 2780; x_wconf 80' lang='grc' dir='ltr'><strong><em>καὶ</em></strong></span> <span class='ocrx_word' id='word_1_182' title='bbox 972 2709 1142 2799; x_wconf 78' lang='grc' dir='ltr'><strong><em>Ἀθηναῖοι</em></strong></span> 
     </span>
     <span class='ocr_line' id='line_1_25' title="bbox 135 2812 1142 2907; baseline -0.001 -24"><span class='ocrx_word' id='word_1_183' title='bbox 135 2813 206 2884; x_wconf 90' lang='grc' dir='ltr'><strong><em>κατ’</em></strong></span> <span class='ocrx_word' id='word_1_184' title='bbox 232 2812 345 2902; x_wconf 85' lang='grc' dir='ltr'><strong><em>ἀρχάς,</em></strong></span> <span class='ocrx_word' id='word_1_185' title='bbox 370 2816 422 2883; x_wconf 85' lang='grc' dir='ltr'><strong><em>έπλ</em></strong></span> <span class='ocrx_word' id='word_1_186' title='bbox 449 2815 488 2885; x_wconf 89' lang='grc' dir='ltr'><strong><em>τά</em></strong></span> <span class='ocrx_word' id='word_1_187' title='bbox 511 2824 650 2907; x_wconf 88' lang='grc' dir='ltr'><strong><em>κρείττω</em></strong></span> <span class='ocrx_word' id='word_1_188' title='bbox 678 2817 802 2905; x_wconf 80' lang='grc' dir='ltr'><strong><em>λαβών.</em></strong></span> <span class='ocrx_word' id='word_1_189' title='bbox 849 2819 971 2886; x_wconf 83' lang='grc' dir='ltr'><strong><em>έκελνοι</em></strong></span> <span class='ocrx_word' id='word_1_190' title='bbox 999 2814 1142 2907; x_wconf 77' lang='grc' dir='ltr'><strong><em>μὲνγὰρ</em></strong></span> 
     </span>
     <span class='ocr_line' id='line_1_26' title="bbox 97 2918 1143 3014; baseline 0 -25"><span class='ocrx_word' id='word_1_191' title='bbox 97 2949 124 2990; x_wconf 77' lang='grc' dir='ltr'><strong><em>ει</em></strong></span> <span class='ocrx_word' id='word_1_192' title='bbox 138 2918 365 3008; x_wconf 75' lang='grc' dir='ltr'><strong><em>ὑπεροπτικῶς</em></strong></span> <span class='ocrx_word' id='word_1_193' title='bbox 406 2923 550 3012; x_wconf 80' lang='grc' dir='ltr'><strong><em>έχρῶντο</em></strong></span> <span class='ocrx_word' id='word_1_194' title='bbox 592 2938 662 3005; x_wconf 81' lang='grc' dir='ltr'><strong><em>τολς</em></strong></span> <span class='ocrx_word' id='word_1_195' title='bbox 699 2925 855 3006; x_wconf 87' lang='grc' dir='ltr'><strong><em>πελάταις</em></strong></span> <span class='ocrx_word' id='word_1_196' title='bbox 896 2930 977 3014; x_wconf 80' lang='grc' dir='ltr'><strong><em>ἔργα</em></strong></span> <span class='ocrx_word' id='word_1_197' title='bbox 1012 2951 1047 2995; x_wconf 90' lang='grc' dir='ltr'><strong><em>τε</em></strong></span> <span class='ocrx_word' id='word_1_198' title='bbox 1083 2926 1143 2992; x_wconf 80' lang='grc' dir='ltr'><strong><em>ἐπι-</em></strong></span> 
     </span>
     <span class='ocr_line' id='line_1_27' title="bbox 133 3025 1142 3119; baseline 0.004 -23"><span class='ocrx_word' id='word_1_199' title='bbox 133 3026 308 3106; x_wconf 89' lang='grc' dir='ltr'><strong><em>τάττοντες</em></strong></span> <span class='ocrx_word' id='word_1_200' title='bbox 336 3025 376 3096; x_wconf 87' lang='grc' dir='ltr'><strong><em>οά</em></strong></span> <span class='ocrx_word' id='word_1_201' title='bbox 405 3028 618 3116; x_wconf 85' lang='grc' dir='ltr'><strong><em>προσήκοντα</em></strong></span> <span class='ocrx_word' id='word_1_202' title='bbox 647 3032 855 3119; x_wconf 82' lang='grc' dir='ltr'><strong><em>ἐλευθέροις,</em></strong></span> <span class='ocrx_word' id='word_1_203' title='bbox 886 3033 943 3100; x_wconf 86' lang='grc' dir='ltr'><strong><em>καλ</em></strong></span> <span class='ocrx_word' id='word_1_204' title='bbox 971 3029 1072 3102; x_wconf 84' lang='grc' dir='ltr'><strong><em>ὁπότε</em></strong></span> <span class='ocrx_word' id='word_1_205' title='bbox 1100 3027 1142 3116; x_wconf 79' lang='grc' dir='ltr'><strong><em>μὴ</em></strong></span> 
     </span>
     <span class='ocr_line' id='line_1_28' title="bbox 134 3132 1142 3224; baseline 0.001 -23"><span class='ocrx_word' id='word_1_206' title='bbox 134 3132 295 3223; x_wconf 84' lang='grc' dir='ltr'><strong><em>πράξειάν</em></strong></span> <span class='ocrx_word' id='word_1_207' title='bbox 317 3161 350 3202; x_wconf 88' lang='grc' dir='ltr'><strong><em>τι</em></strong></span> <span class='ocrx_word' id='word_1_208' title='bbox 372 3138 441 3203; x_wconf 77' lang='grc' dir='ltr'><strong><em>τῶν</em></strong></span> <span class='ocrx_word' id='word_1_209' title='bbox 463 3138 705 3223; x_wconf 84' lang='grc' dir='ltr'><strong><em>κελευομένων,</em></strong></span> <span class='ocrx_word' id='word_1_210' title='bbox 724 3135 852 3224; x_wconf 84' lang='grc' dir='ltr'><strong><em>πληγάς</em></strong></span> <span class='ocrx_word' id='word_1_211' title='bbox 870 3139 1074 3219; x_wconf 79' lang='grc' dir='ltr'><strong><em>ἐντείνοντες</em></strong></span> <span class='ocrx_word' id='word_1_212' title='bbox 1089 3135 1142 3204; x_wconf 86' lang='grc' dir='ltr'><strong><em>καλ</em></strong></span> 
     </span>
    </p>
   </div>
   <div class='ocr_carea' id='block_1_3' title="bbox 208 3325 1142 3403">
    <p class='ocr_par' dir='ltr' id='par_1_9' title="bbox 208 3325 1142 3403">
     <span class='ocr_line' id='line_1_29' title="bbox 208 3325 1142 3403; baseline 0.003 -22"><span class='ocrx_word' id='word_1_213' title='bbox 208 3335 274 3382; x_wconf 87' lang='grc' dir='ltr'><strong><em>11τ</em></strong></span> <span class='ocrx_word' id='word_1_214' title='bbox 259 3349 311 3397; x_wconf 87' lang='grc' dir='ltr'><strong><em>την</em></strong></span> <span class='ocrx_word' id='word_1_215' title='bbox 335 3330 399 3383; x_wconf 77' lang='lat' dir='ltr'><strong>add.</strong></span> <span class='ocrx_word' id='word_1_216' title='bbox 424 3329 525 3384; x_wconf 78' lang='lat' dir='ltr'>Reiske</span> <span class='ocrx_word' id='word_1_217' title='bbox 618 3338 650 3385; x_wconf 89' lang='grc'><strong><em>13</em></strong></span> <span class='ocrx_word' id='word_1_218' title='bbox 673 3328 847 3403; x_wconf 83' lang='grc' dir='ltr'><strong><em>πραγμάτων</em></strong></span> <span class='ocrx_word' id='word_1_219' title='bbox 866 3336 891 3387; x_wconf 85' lang='grc' dir='ltr'><strong>Α</strong></span> <span class='ocrx_word' id='word_1_220' title='bbox 981 3342 1014 3391; x_wconf 76' lang='lat'><strong><em>21</em></strong></span> <span class='ocrx_word' id='word_1_221' title='bbox 1037 3334 1092 3388; x_wconf 82' lang='grc' dir='ltr'><strong><em>τάν</em></strong></span> <span class='ocrx_word' id='word_1_222' title='bbox 1110 3325 1142 3385; x_wconf 77' lang='grc' dir='ltr'><strong><em>ἐκ</em></strong></span> 
     </span>
    </p>
   </div>
   <div class='ocr_carea' id='block_1_4' title="bbox 134 3395 1143 3540">
    <p class='ocr_par' dir='ltr' id='par_1_10' title="bbox 134 3395 1143 3540">
     <span class='ocr_line' id='line_1_30' title="bbox 134 3395 1143 3483; baseline 0.006 -32"><span class='ocrx_word' id='word_1_223' title='bbox 134 3399 185 3452; x_wconf 81' lang='grc' dir='ltr'><strong><em>τοῦ</em></strong></span> <span class='ocrx_word' id='word_1_224' title='bbox 204 3395 334 3483; x_wconf 79' lang='grc' dir='ltr'><strong><em>πλήθους</em></strong></span> <span class='ocrx_word' id='word_1_225' title='bbox 353 3415 406 3453; x_wconf 87' lang='lat' dir='ltr'><strong><em>om.</em></strong></span> <span class='ocrx_word' id='word_1_226' title='bbox 421 3399 690 3468; x_wconf 76' lang='grc' dir='ltr'><strong><em>ΒΙπροστατεῖνΑ</em></strong></span> <span class='ocrx_word' id='word_1_227' title='bbox 758 3410 793 3458; x_wconf 75' lang='grc'><strong><em>24</em></strong></span> <span class='ocrx_word' id='word_1_228' title='bbox 812 3400 929 3459; x_wconf 84' lang='grc' dir='ltr'><strong><em>έπελτά</em></strong></span> <span class='ocrx_word' id='word_1_229' title='bbox 944 3399 1143 3476; x_wconf 78' lang='grc' dir='ltr'><strong><em>ΒλέλαβονΒ</em></strong></span> 
     </span>
     <span class='ocr_line' id='line_1_31' title="bbox 136 3463 520 3540; baseline 0.008 -20"><span class='ocrx_word' id='word_1_230' title='bbox 136 3487 186 3536; x_wconf 86' lang='grc' dir='ltr'><strong><em>μετ</em></strong></span> <span class='ocrx_word' id='word_1_231' title='bbox 188 3463 344 3540; x_wconf 81' lang='grc' dir='ltr'><strong><em>αλαβάνο.</em></strong></span> <span class='ocrx_word' id='word_1_232' title='bbox 364 3469 520 3538; x_wconf 69' lang='lat' dir='ltr'><strong>Stephanus</strong></span> 
     </span>
    </p>
   </div>
   <div class='ocr_carea' id='block_1_5' title="bbox 0 0 1202 3918">
    <p class='ocr_par' dir='ltr' id='par_1_11' title="bbox 0 0 1202 3918">
     <span class='ocr_line' id='line_1_32' title="bbox 0 0 1202 3918; baseline 0 0"><span class='ocrx_word' id='word_1_233' title='bbox 0 0 1202 3918; x_wconf 95' lang='lat' dir='ltr'><strong><em> </em></strong></span> 
     </span>
    </p>
   </div>
  </div>
 </body>
</html>
