2412 3912
151 207 195 272 34
576 211 742 264 -A-

239 369 343 437 XXII.
368 370 412 435 Οί
433 367 470 436 δὲ
485 371 622 438 Σικελοί
646 368 703 458 (οὐ
726 368 790 457 γάρ
805 376 854 440 ἔτι
876 368 1027 457 ἀντέχειν
1050 363 1155 438 οἷοίτε

150 465 238 560 ἦσαν
257 471 323 543 ῦπό
341 501 376 543 τε
390 479 577 561 Πελασγῶν
595 477 652 544 καὶ
669 473 891 564 Ἀβοριγίνων
905 475 1156 564 πολεμούμενοι)

151 582 250 648 τέκνα
264 581 320 648 καί
334 595 495 667 γυναῖκας
511 583 648 650 καὶτῶν
663 583 842 670 χρημάτων
857 582 921 652 ὅσα
935 577 1092 671 χρυσὸςῆ
1106 579 1155 668 άρ-

151 714 255 775 γυρος
281 679 325 774 ἦν
352 685 665 777 ἀνασκευασάμενοι
693 696 867 778 μεθίενται
897 689 1011 770 αὐτοῖς
1038 686 1158 772 ἀπάσης

125 798 210 880 ετῆς
233 797 303 882 γῆς.
330 794 536 884 τραπόμενοι
560 796 597 865 δὲ
621 795 678 864 διά
700 801 759 884 τῆς
782 795 916 885 ὀρεινῆς
939 795 1047 866 έπὶτὰ
1070 793 1157 862 νότια

151 902 207 970 καὶ
236 901 467 982 διεξελθόντες
494 901 628 972 άπασαν
655 902 798 973 Ἰταλίαν
828 902 890 992 τὴν
917 903 1022 989 κάτω,
1054 896 1157 983 ἐπειδὴ

151 1007 366 1095 πανταχόθεν
394 1007 651 1095 ἀπηλαύνοντο,
682 1008 747 1078 σῦν
780 1010 891 1102 χρόνῳ
921 1005 1158 1079 κατασκευασά-

152 1139 250 1200 μενοι
273 1118 407 1202 σχεδίας
430 1117 483 1184 ἐπὶ
496 1121 542 1207 τῷ
560 1122 710 1209 πορθμῷ
733 1119 790 1186 καὶ
804 1116 1013 1204 φυλάξαντες
1034 1112 1158 1184 κατιόν·

151 1248 192 1289 τα
214 1219 274 1290 τὸν
299 1224 383 1309 βοῦν
406 1220 471 1290 ἀπὸ
494 1227 554 1310 της
573 1222 713 1304 Ἰταλίας
736 1227 898 1312 διέβησαν
918 1226 972 1293 ἐπὶ
994 1221 1058 1310 τὴν
1083 1226 1159 1306 ἔγγι
1172 1235 1193 1286 θ

112 1307 215 1436 {ow
233 1331 351 1415 νῆσον.
388 1343 541 1416 κατεῖχον
565 1328 596 1397 δ’
622 1329 727 1418 αὐτὴν
748 1333 905 1417 Σικανοὶ,
928 1334 1027 1418 γένος
1049 1328 1159 1414 Ἰβηρι-

150 1433 230 1520 κόν,
259 1433 301 1503 οῦ
323 1439 435 1527 πολλῷ
463 1436 629 1525 πρότερον
657 1436 906 1524 ἐνοικισάμενοι
929 1444 1062 1523 Λίγυας
1090 1431 1159 1521 φεῦ-

150 1567 283 1627 γοντες,
305 1542 362 1610 καὶ
381 1542 635 1629 παρεσκεύασαν
658 1541 717 1630 ἀφ’
744 1545 873 1612 ἑαυτῶν
897 1550 1070 1612 Σικανίαν
1092 1548 1160 1624 κλη-

149 1652 257 1734 θῆναι
285 1646 347 1734 τὴν
375 1651 499 1735 νῆσον,
532 1656 736 1738 Τρινακρίαν
766 1649 934 1739 πρότερον
965 1648 1160 1737 ὀνομαζομέ-

150 1779 216 1840 νην
242 1755 295 1823 ἐπὶ
317 1758 379 1823 τοῦ
401 1755 571 1842 τριγώνου
593 1757 767 1846 σχήματος.
809 1748 898 1844 ἦσαν
922 1756 960 1824 δὲ
984 1753 1027 1824 οῦ
1049 1750 1161 1823 πολλοὶ
1198 1771 1199 1800 ³

111 1881 137 1921 τε
151 1862 188 1928 ἐν
212 1859 341 1949 μεγάλη
365 1860 449 1950 αὐτῇ
470 1862 655 1951 οἰκήτορες,
684 1861 758 1931 ἀλλ’
784 1860 805 1951 ἡ
828 1868 954 1932 πλείων
976 1867 1036 1951 τῆς
1058 1859 1162 1948 χώρας

152 1973 199 2036 ἔτι
231 1960 275 2054 ἦν
300 1974 430 2056 ἔρημος.
474 1972 696 2057 καταχθέντες
726 1961 790 2039 οὖν
820 1975 868 2050 είς
896 1968 1001 2056 αὐτὴν
1029 1963 1163 2037 Σικελοί

149 2072 188 2143 τὸ
221 2073 283 2162 μὲν
311 2079 446 2163 πρῶτον
479 2079 517 2145 έν
548 2090 620 2156 τοῖς
652 2078 818 2163 ἑσπερίοις
850 2063 987 2164 μέρεσιν
1019 2075 1162 2168 ᾤκησαν,

152 2187 263 2251 ἔπειτα
290 2183 346 2250 καὶ
368 2181 453 2271 άλλη
481 2187 649 2272 πολλαχῇ,
675 2184 731 2251 καὶ
758 2180 953 2270 τοῦνομαὴ
982 2187 1090 2269 νῆσος
1118 2178 1164 2248 ἐπὶ

7 2309 8 2312 ’
111 2289 280 2366 3τοῦτων
309 2288 432 2378 ἤρξατο
456 2295 596 2358 Σικελία
620 2298 807 2359 καλεῖσθαι.
851 2288 890 2359 τὸ
914 2289 977 2377 μὲν
1001 2288 1045 2377 δὴ
1071 2297 1163 2357 Σικε-
1196 2365 1197 2372 χ

111 2417 138 2457 2⁰
151 2395 247 2465 λικόν
271 2400 370 2483 γένος
393 2395 500 2476 οὕτως
518 2399 665 2478 ἐξέλιπεν
686 2395 841 2482 Ἰταλίαν,
865 2395 910 2478 ὡς
932 2397 994 2484 μὲν
1013 2394 1164 2464 Ἐλλάνι

150 2529 209 2582 κος
230 2500 408 2590 ὁΛέσβιός
431 2523 525 2589 φησι,
547 2509 642 2591 τρίτη
665 2506 764 2592 γενεᾷ
786 2502 952 2592 πρότερον
974 2505 1044 2572 τῦν
1064 2509 1164 2592 Τροι-

150 2614 220 2677 κάν
240 2607 422 2696 Ἀλκυόνης
442 2611 625 2697 ίερωμέυης
643 2611 680 2678 ἐν
693 2607 810 2695 ’Ἀργει
828 2607 911 2678 κατά
933 2607 972 2679 τὸ
997 2612 1095 2678 ἕκτον
1113 2607 1190 2675 καὶὸ

152 2714 305 2786 εἰκοστὸν
334 2722 415 2796 ἔτος.
460 2715 523 2785 δύο
553 2716 590 2785 δὲ
617 2731 708 2785 ποιεῖ
728 2715 871 2796 στόλους
890 2713 1072 2796 Ἰταλικοὺς
1098 2719 1166 2782 δια-

151 2822 278 2910 βάντας
300 2827 348 2903 είς
367 2828 545 2891 Σικελίαν·
567 2820 629 2891 τὸν
652 2822 713 2910 μὲν
732 2822 898 2909 πρότερον
919 2820 1084 2910 Ἐλύμων,
1111 2819 1167 2898 οῦς
1194 2875 1195 2916 ρ

224 3063 288 3111 λτε
307 3071 363 3111 om.
382 3037 413 3107 B'
477 3053 732 3125 4μεθίεντ<ο>Β
807 3060 838 3108 11
859 3055 1101 3137 συνοικησάμενοι,
1117 3019 1195 3112 ΔΒδ

153 3143 221 3184 corr.
246 3126 336 3182 Cobet
363 3126 435 3181 Nov.
454 3124 531 3181 Lect.
551 3144 578 3196 p.
599 3131 650 3180 289
681 3128 685 3193 Ι
710 3129 818 3195 Λίγυας
841 3126 890 3179 καλ
914 3120 1020 3189 αὐτοῦς
1043 3140 1168 3195 φενγον-
1193 3151 1194 3170 2

151 3219 202 3261 τας
227 3217 249 3254 ο.
268 3197 374 3254 Reiske
440 3203 474 3252 14
493 3192 541 3252 ἐπί
559 3197 582 3250 Β
601 3191 659 3250 ἀπὸ
678 3199 704 3250 R
768 3203 802 3252 16
821 3194 852 3250 οί
867 3196 1013 3251 Σικελικαὶ
1031 3215 1055 3252 ο.
1074 3192 1169 3275 Sintq-

151 3270 195 3326 nis
214 3270 274 3326 Em.
293 3269 376 3324 Dion
391 3270 404 3322 I
422 3286 450 3338 p.
467 3273 500 3323 10
575 3275 608 3323 18
627 3262 753 3338 τοῦνομα
773 3267 973 3338 μεταβαλοῦσα
986 3269 1032 3323 vel
1050 3261 1081 3322 τό
1102 3266 1168 3317 δευ-
1193 3311 1194 3336 ,

152 3361 233 3411 τερον
257 3339 458 3412 μεταβαλοῦσα
478 3357 501 3394 α.
521 3336 624 3393 Reiske
681 3345 712 3392 19
732 3337 785 3408 μὲν
804 3333 882 3406 δὴΒ
910 3336 964 3408 μὲν
982 3341 1008 3393 Α
1063 3343 1096 3392 22
1115 3329 1194 3416 ’Δίνη

152 3408 263 3481 κυάυης
286 3412 332 3467 Ba
361 3405 501 3479 Ἀλκιόνης
523 3409 622 3477 Heyne
645 3408 985 3479 inApollod.11110,1
1059 3414 1092 3463 λθ
1114 3407 1170 3459 δυο

154 3482 186 3537 δὲ
205 3483 312 3538 Βίίεαλι]
344 3477 398 3536 δάο
417 3482 471 3536 AB
543 3483 578 3532 24
596 3475 629 3534 τδ
649 3477 701 3548 μὲν
720 3480 936 3550 ΑΙπρῶτονΒ

1177 3703 1192 3884 ί
