2404 3918
470 238 636 288 -Γ-
994 232 1058 300 317

45 399 155 484 μαίοις
181 393 420 484 ὑπετάχθημεν
448 396 510 475 ἕως
535 397 633 482 τηςδε
659 397 719 482 τῆς
745 392 870 483 ἡμέρας
898 393 1061 483 αἰσχύνης

44 499 166 590 μεστὸν
188 502 245 572 καί
269 500 395 589 ὀδύνης
418 507 504 590 ἔχων
526 500 588 571 τόν
618 507 696 589 βίον
720 503 928 572 διατετέλεκα
949 507 1060 572 καίτοι

43 614 196 697 τιμηθείς
218 635 256 695 γε
279 606 345 679 ὑπὸ
367 612 429 678 τοῦ
452 611 615 696 βασιλέως
639 607 751 678 αὐτῶν
772 614 814 699 τῇ
838 607 1060 700 αὐτοκράτορι

43 713 137 806 ἀρχῇ,
160 712 206 804 ἣν
224 719 339 804 τρίτον
358 720 431 796 ἔτος
453 715 519 804 ἤδη
537 720 637 786 τοῦτο
662 721 725 803 ἔχω
744 716 801 786 καί
824 721 856 786 εί
872 721 1060 804 βουλοίμην

45 827 136 912 με’χρι
160 820 287 906 παντὸς
310 825 381 906 ἔξω.
422 819 507 893 άλλδι
524 823 662 892 πάντων
684 821 873 911 ἡγούμενος
893 820 980 892 εἶναι
1002 845 1087 893 και

45 933 109 999 κόν
134 935 279 1019 ἔσχατον
302 933 339 999 ἐν
364 927 425 998 οὐκ
444 928 623 1018 εὐτυχοῦσι
644 944 715 1011 τοῖς
734 945 863 1011 κοινοῖς
885 930 991 1018 μόνος
1008 929 1060 1001 εὐ-

45 1051 156 1125 τυχεῖν
163 1087 173 1124 ,
196 1035 453 1125 ἐνθυμούμενος
477 1036 515 1106 δὲ
545 1035 597 1108 ότι
619 1035 710 1126 παρὰ
731 1037 841 1106 πάντα
863 1036 904 1106 τά
926 1062 1061 1125 νενομι-

49 1146 147 1231 σμένα
171 1141 249 1234 παρ’
267 1140 463 1234 άνθροόποις
481 1142 559 1214 ὅσια
580 1142 643 1232 τὴν
662 1142 846 1234 ἡγεμονίαν
868 1141 925 1212 ὑπ’
947 1142 1060 1214 αὐτῶν

53 1249 283 1342 ἀφῃρέθημεν,
311 1249 479 1320 ἐσκόπουν
511 1248 601 1331 ὅπως
632 1245 676 1319 άν
704 1249 810 1339 αὐτὴν
842 1249 1061 1341 άνακομισαί-

55 1366 130 1443 μεθα
155 1360 319 1445 μηδεμιᾶς
340 1360 559 1448 πειραθέντες
585 1357 730 1447 μεγάλης
759 1368 949 1449 συμφορᾶς·
982 1367 1061 1429 πολ·
1075 1378 1102 1418 10

51 1463 122 1544 λοδς
151 1464 189 1534 δὲ
215 1465 273 1534 καί
299 1463 535 1545 παντοδαποὺς
563 1463 747 1553 λογισμοὺς
773 1467 957 1553 λαμβάνων
980 1471 1061 1554 μίαν

12 1568 206 1660 ιισεόρισιιον
230 1569 314 1642 ὁδὸν
342 1570 496 1658 άχουσαν
524 1572 577 1642 ἐπὶ
603 1569 645 1640 τά
670 1571 848 1660 πράγματα
876 1572 1003 1664 ῥᾴστην
1026 1600 1062 1644 τε

49 1680 99 1747 καὶ
126 1678 412 1767 ἀκινδυνοτάτην,
440 1687 474 1748 εί
501 1705 552 1759 τις
583 1676 698 1759 αὐτοῖς
725 1678 888 1768 άνασταίη
917 1680 1062 1769 πόλεμος

49 1788 175 1858 ἐκτῶν
202 1786 447 1876 πλησιοχώρων
473 1785 615 1856 πόλεων.
665 1791 714 1867 είς
742 1788 806 1875 χδιρ
833 1791 956 1858 τοῦτον
984 1787 1100 1858 ὑπο-8

50 1892 219 1981 λάμβανον
256 1891 379 1974 αὐτοὺς
418 1893 689 1980 καθισταμένους
725 1893 910 1982 συμμάχων
949 1895 1061 1983 δεήσε-
1076 1911 1110 1960 15.

52 2009 129 2069 σθαι
158 2002 214 2072 καί
243 1999 386 2090 πριόνων
418 2026 457 2086 με
486 1997 592 2089 ἡμῶν.
637 1998 675 2070 τὸ
704 1998 746 2088 δὴ
780 1997 860 2087 μετά
892 2005 991 2070 τοῦτο
1021 2001 1061 2071 οὐ

52 2110 171 2194 πολλῆς
192 2104 434 2195 ὑπελάμβανον
461 2104 544 2193 ὑμῖν
572 2109 712 2194 διδαχῆς
735 2105 884 2194 δεήσειν,
908 2106 960 2177 ότι
982 2108 1061 2177 κάλ-

51 2213 121 2283 λιόν
143 2239 178 2282 τε
206 2213 262 2282 καὶ
291 2212 504 2301 δικαιότερον
531 2214 688 2302 περὶτῆς
714 2210 811 2301 ἡμῶν
835 2212 947 2284 αὐτῶν
971 2217 1061 2284 ἐλευ-

51 2327 162 2407 θερίας
185 2322 314 2407 μόιλλον
337 2315 359 2406 ἢ
381 2321 459 2408 περὶ
481 2323 541 2407 τῆς
558 2317 732 2410 Ῥωμαίων
759 2319 940 2409 ἡγεμονίας
966 2321 1062 2410 ποιη-

52 2436 171 2495 σασθαι
201 2425 265 2495 τὸν
297 2423 422 2512 άγάνα.
480 2429 586 2495 ταῦτα
618 2429 816 2514 διανοηθεὶς
847 2425 1062 2518 ὑπενόμενσα
1076 2481 1103 2520 ,0

48 2528 215 2620 Ῥωμαίοις
237 2531 385 2619 πόλεμον
416 2533 547 2602 ἐκτῶν
570 2530 730 2620 ὑπηκόων
755 2533 983 2617 Οὐιεντανοὺς
1005 2538 1061 2608 καί

56 2643 257 2727 Φιδηναίους
278 2645 394 2720 πείσας
422 2640 475 2709 ἐπὶ
497 2637 538 2708 τά
559 2638 649 2710 ’ὅπλα
667 2655 800 2729 χωρεῖν,
824 2640 869 2723 ὡς
893 2643 1061 2730 συλληψό-

54 2772 145 2832 μενος
167 2744 283 2826 αότοῖς
306 2749 367 2816 τοῦ
389 2748 548 2834 πολέμου.
588 2747 763 2836 καὶμέχρι
787 2749 910 2820 τούτου
932 2753 1061 2838 λέληθα

50 2847 224 2940 Ῥωμαίους
255 2855 360 2922 ταῦτα
391 2851 546 2941 πράττων
576 2854 633 2922 καὶ
660 2855 903 2944 ταμιευόμενος
930 2862 1061 2953 ἐμαυτῷ

54 2956 107 3027 τὸν
127 2964 186 3048 τῆς
209 2961 393 3040 ἐπιθέσεως
415 2960 550 3051 καιρόν·
582 2963 620 3030 ἐν
643 2952 670 3053 ᾦ
695 2964 866 3044 σκέψασθε
889 2964 953 3036 ὅσα
977 2965 1063 3055 ὠφεὲ
1077 2995 1103 3037 ει

56 3067 278 3156 ληθησόμεθα.
323 3071 460 3156 πρῶτον
478 3067 540 3154 μὲν
561 3065 622 3136 οὐκ
645 3069 682 3136 ἐν
701 3075 838 3164 φανερῷ
856 3072 1062 3158 βουλεύσαυ-
1074 3069 1116 3135 10

118 3305 183 3370 θχε
202 3299 342 3355 ΒδελιοΙει
363 3318 393 3355 τε
412 3299 466 3354 ΑΒ
542 3299 668 3354 ίτοότο
691 3317 745 3356 om.
769 3301 815 3358 Βα
887 3297 1063 3359 θάνατοι-

60 3364 164 3455 σόμεθα
189 3369 211 3426 Ο
242 3370 362 3428 correxit
389 3370 531 3440 Kiessling
623 3376 657 3426 12
686 3365 819 3442 εὕρισκον
845 3373 924 3430 ABb
951 3325 1062 3445 Βεὶόόο,

61 3443 183 3512 ιορίσκων
202 3441 249 3498 Ba
314 3449 347 3498 16
366 3436 398 3497 τὸ
418 3439 450 3498 δὲ
470 3461 493 3500 ο.
513 3441 636 3512 Sylburg
699 3449 733 3498 18
752 3441 833 3514 ὑμῶν
855 3442 909 3499 ΑΒ
972 3452 1007 3501 20
1026 3445 1062 3516 δὴ

61 3511 215 3583 διανοηθεὶς
234 3531 257 3570 c.
277 3511 365 3569 Cobet
380 3513 444 3569 obs.
464 3531 491 3582 μ.
508 3519 542 3568 64
614 3518 649 3567 24
667 3512 716 3567 καλ
734 3515 757 3568 Β
772 3531 825 3570 om.
840 3516 866 3571 R
881 3517 886 3584 Ι
903 3511 995 3590 ἑαυτῷ
1014 3518 1063 3573 Aa
