2404 3918
451 230 617 280 ..Γ-

42 383 86 450 ίτί
106 388 365 478 κατορθουμένῳ
388 390 434 479 τῷ
457 383 580 474 ἀγῶνι,
602 392 671 458 τῶν
694 386 727 456 δ’
753 387 973 478 ὀδυρομένων
998 389 1042 472 ἀς

42 487 93 558 οὐκ
114 486 155 558 ἀν
179 496 228 561 ἐτι
250 496 308 580 τῆς
330 493 432 582 τύχης
454 498 543 581 σφᾶς
565 498 886 585 διαναστησομένης,
908 524 1042 586 ταμιευ-

41 596 170 683 σάμενος
191 597 253 667 τὸν
275 599 396 689 καιρὸν
425 597 443 669 ὁ
462 599 624 690 Ῥωμαίος
646 601 849 693 ὑποστρέφει
877 631 913 674 τε
940 606 1042 688 ὀξέως

39 703 84 770 καί
99 704 176 792 πρὶν
199 701 222 793 ἢ
240 707 458 793 φυλάξασθαι
475 707 538 779 τὸν
553 708 720 796 Ἀλβανὸν
737 711 867 798 φθάνει
887 717 932 804 τῷ
953 715 1040 801 ξίφει

40 807 107 876 κατά
126 816 188 880 τοῦ
216 818 399 903 βραχίονος
425 812 557 902 πληγὴν
585 817 722 904 ἐνέγκας
748 818 804 886 καί
833 816 956 887 διελάν
978 818 1067 888 τὸν5

41 914 165 1002 ἀγκῶνα.
207 921 377 1009 πεσούσης
401 922 438 991 δὲ
456 924 558 1012 χαμαὶ
580 927 639 1011 τῆς
661 923 773 1014 χειρὸς
790 921 859 1012 ἅμα
880 929 927 1018 τῷ
950 929 1038 1013 ξίφει
1057 926 1080 990 4

17 1029 110 1108 οεμίαν
139 1031 187 1096 ἔτι
220 1027 353 1117 πληγὴν
384 1035 519 1120 καίριον
551 1032 722 1124 ἐξενέγκας
758 1030 946 1102 ἀποκτείνει
977 1035 1038 1103 τὸν

39 1127 198 1221 Ἀλβανόν,
228 1137 286 1204 καὶ
309 1135 391 1224 μετά
416 1141 540 1207 τοῦτον
573 1139 626 1206 ἐπὶ
647 1137 709 1208 τὸν
731 1147 924 1209 τελευταίου
952 1138 1038 1210 ἀσά-

46 1263 121 1321 μενος
141 1238 318 1330 ἡμιθνῆτα
336 1243 393 1311 καὶ
410 1245 616 1332 παρειμένον
635 1245 918 1332 ἐπικατασφάττει.
959 1267 1038 1316 σκυ-

45 1343 138 1427 λιόσας
161 1348 201 1418 δὲ
224 1347 304 1431 τοάς
331 1354 400 1420 τῶν
428 1348 579 1434 ἀνεψιῶν
607 1351 748 1440 νεκροὺς
775 1358 824 1434 είς
842 1351 913 1442 ,τὴν
936 1353 1036 1423 πόλιν
1052 1375 1079 1416 1⁰

41 1448 169 1539 ἠπείγετο
196 1461 328 1546 πρῶτος
351 1453 547 1545 ἀπαγγείλαι
570 1460 684 1529 θέλων
707 1457 769 1547 τὴν
793 1461 915 1528 ἑαυτοῦ
937 1465 1038 1549 νίκην

39 1562 74 1647 τῷ
93 1567 199 1650 πατρί.

108 1670 197 1737 XXI.
217 1667 312 1738 Ἔδει
332 1670 369 1739 δὲ
388 1669 454 1760 ἀρα
472 1672 528 1740 καί
546 1675 669 1740 τοῦτον
684 1670 871 1762 ἀνθρωπον
890 1671 972 1741 ὅντα
991 1670 1036 1761 μὴ

37 1772 127 1843 πάντα
154 1780 360 1865 διευτυχεῖν,
389 1774 463 1846 ἀλλ’
490 1776 683 1847 ἀπολαῦσαί
707 1806 740 1847 τι
767 1783 829 1848 τοῦ
858 1784 1037 1866 φθονεροῦ

38 1881 197 1970 δαίμονος,
225 1879 263 1963 ὃς
290 1881 394 1954 αὐτὸν
422 1887 458 1952 ἐκ
486 1889 607 1972 μικροῦ
634 1885 740 1972 μέγαν
770 1888 807 1954 ἐν
836 1883 938 1977 ὀλίγῳ
961 1887 1036 1966 θείς
1050 1913 1076 1954 15

38 1986 129 2081 χρόνῳ
152 1992 210 2059 καὶ
233 1996 281 2072 είς
303 1990 505 2078 ἐπιφάνειαν
531 1990 733 2080 θαυμαστὴν
761 1993 816 2060 καί
841 1989 1035 2082 παράδοξον

39 2093 137 2183 ἐξάρας
164 2100 324 2185 κατέβαλε
352 2101 468 2190 φέρων
495 2097 692 2188 αὐθημερὸν
720 2105 768 2180 είς
799 2097 920 2189 ἀχαριν
953 2117 1035 2187 συμ-

38 2201 130 2289 φορὰν
154 2203 417 2293 ἀδελφοκτόνον.
459 2203 505 2287 ὥς
526 2205 591 2295 γάρ
615 2205 714 2293 ἐγγὺς
731 2208 863 2293 ἐγένετο
884 2210 952 2276 τῶν
975 2217 1075 2281 um

38 2311 105 2396 λάν,
127 2311 234 2380 ἀλλον
257 2339 292 2380 τε
316 2311 419 2401 ὄχλον
448 2310 511 2404 ὁρᾷ
533 2310 752 2388 παντοδαπὸν
776 2312 975 2401 ἐκχεόμενον
999 2316 1034 2382 έκ

37 2417 81 2500 τῆς
100 2418 227 2499 πόλεως
253 2421 309 2488 καὶ
333 2421 375 2508 δὴ
402 2420 458 2488 καί
486 2418 549 2507 τὴν
572 2418 725 2508 ἀδελφὴν
746 2423 1033 2508 προστρέχουσαν·
1048 2447 1077 2488 νο

38 2523 255 2614 διαταραχθείς
282 2525 321 2595 δὲ
347 2523 430 2595 κατά
456 2524 519 2614 τὴν
541 2526 679 2617 πρώτην
706 2525 804 2613 ὄψιν,
828 2525 879 2596 ότι
901 2517 1033 2595 καταλό-

36 2634 128 2700 ιιοῦσα
149 2631 213 2720 τὴν
237 2632 318 2721 μετδι
342 2632 467 2722 μητρὸς
491 2639 665 2720 οίκουρίαν
684 2637 857 2724 παρθένος
874 2634 1035 2720 ἐπίγαμος

37 2739 72 2814 είς
96 2737 196 2828 όχλον
224 2738 330 2828 αὑτὴν
360 2744 485 2810 ἔδωκεν
512 2739 662 2828 ἀγνῶτα,
693 2741 749 2809 καί
779 2739 925 2820 πολλοὺς
952 2746 1033 2828 λαμ

37 2842 135 2924 δάνον
162 2844 345 2935 λογισμοὺς
377 2845 524 2928 ἀτόπους
549 2851 714 2917 τελευτάν
746 2849 799 2916 ἐπὶ
826 2845 904 2927 τοὺς
935 2849 1032 2915 έπιει-

36 2963 88 3032 κείς
107 2955 162 3022 καὶ
185 2952 453 3042 φιλανθρώπους
476 2952 665 3040 ἀπέκλινεν,
690 2951 735 3034 ὡς
757 2952 978 3022 ἀσπάσασθαί
997 2981 1031 3023 τε
1047 2977 1073 3019 ετ

92 3147 178 3222 Mu]
200 3145 247 3206 ἐπί
265 3149 290 3203 A
306 3151 311 3220 Ι
327 3151 402 3238 σφάς
424 3170 475 3219 της
497 3145 625 3220 τόχηςΟ
650 3143 923 3238 μεεεδετΒΙάν-
889 3151 1032 3205 --διανα

39 3234 122 3341 {²⁰⁶⁰
105 3222 189 3292 ’Μ
208 3222 231 3277 ⁰
250 3223 300 3347 Ὗ
312 3215 589 3348 έέοάῗῗάἓῗὲὲἒ
590 3219 1033 3379 &2020‘2‘1‘13’200‘ss‘&affige

39 3308 591 3454 011Ἐυίῑῖἀά906ΠΒΘ9Η<σ>κ<υ>λεύσαςΒ
652 3310 698 3417 p14
720 3359 756 3432 δὴ
776 3358 950 3452 εάτυχεῖκο.
970 3363 1032 3420 ste-

38 3434 125 3497 phanus
180 3430 253 3490 1⁷*
218 3455 319 3521 αχαρι
337 3437 363 3488 Α
417 3441 452 3490 20
469 3432 697 3506 προστρέχουσαν
715 3434 819 3491 Reiske
837 3433 1031 3505 τρέχουσανΟ

40 3505 124 3572 λλιήν
142 3501 246 3578 μητρὸς
265 3505 288 3561 Ο
307 3507 460 3576 praeterB
813 3589 869 3646 20*
