2408 3928
445 229 612 282 -Γ..

27 385 104 474 ὑπὲρ
141 379 182 475 ἦς
216 389 286 457 τῶν
322 384 437 457 ἄλλων
472 393 631 456 Λατίνων
671 383 784 469 ούδεὶς
820 385 1041 456 ἀντιποιεῖται

27 492 103 581 πρὸς
129 492 232 583 ἡμᾶς,
264 497 364 564 τοῦτο
387 492 563 583 Ῥωμαίοις
590 491 628 564 τδ
657 498 840 582 πολίτευμα
867 486 968 583 ἦρξεν
999 485 1042 564 ού

29 600 65 670 σὺ
89 601 301 692 κατηγόρεις,
329 593 355 670 ῶ
387 603 581 690 Φουφέττιε.
632 604 669 672 έν
704 600 795 690 ίσχύι
827 599 893 691 γὰρ
926 598 1081 670 όπλων6

28 720 122 776 κεῖται
157 706 195 778 τὸ
228 711 297 777 τῶν
329 706 462 778 πόλεων
495 706 633 796 κρότος,
667 705 752 796 αὕτη
781 707 811 776 δ’
844 709 880 776 ἐκ
907 713 1043 777 πολλῶν

30 813 187 902 σωμάτων
219 820 362 903 γίνεται·
400 829 473 896 ταῖς
505 814 543 884 δέ
574 828 708 904 μικραῖς
738 815 795 884 καὶ
832 813 1070 903 ὀλιχανθρῶ-ιι

30 945 94 1001 ποις
118 921 178 990 καὶ
207 919 265 990 διά
291 925 392 992 τοῦτο
422 920 605 992 ἀσθενέσιν
635 919 697 992 ούκ
721 927 813 992 ἔστιν
836 921 952 1010 ἀρχειν
977 922 1042 991 ἑτέ-

8 1047 110 1114 ιιρων,
132 1026 211 1097 ἀλλ’
243 1026 318 1098 οὐδ’
351 1030 481 1100 ἑαυτῶν
511 1027 638 1118 ἀρχειν.
691 1028 847 1099 καθόλου
879 1027 912 1096 δ’
939 1027 1082 1116 ίμωχελ

32 1133 96 1202 τόθ’
123 1131 357 1223 ὑπολαμβάνω
391 1138 465 1204 δεῖν
497 1133 556 1218 τάς
588 1137 712 1226 έτάιων
745 1135 920 1225 διασύρειν
949 1143 1042 1204 πολι-

35 1247 107 1321 τείας
127 1242 188 1310 καὶ
212 1240 275 1330 τὴν
294 1246 387 1311 ίδίαν
407 1244 569 1329 ἐπαινεῖν,
589 1240 671 1312 ὅταν
695 1269 746 1325 τις
768 1248 826 1332 ἔχη
851 1244 957 1326 δεῖξαι
979 1239 1042 1330 τὴν

39 1346 88 1432 μέν
106 1347 231 1418 ἑαυτοῦ
252 1347 353 1418 πόλιν
377 1351 413 1418 έκ
441 1352 502 1419 τού
529 1352 634 1420 ταῦτα
657 1347 867 1435 ἐπιτηδεύειν
891 1347 913 1418 ἀ
936 1369 1042 1437 φησιν
1057 1374 1083 1414 ιο

35 1450 209 1543 εύδαίμονα
240 1456 296 1524 καὶ
311 1463 314 1470 ’
328 1453 478 1543 μεγάλην
512 1448 636 1542 οὖσαν,
667 1453 728 1536 τάς
756 1455 794 1524 δέ
822 1457 1043 1543 διαβαλλομέ-

33 1587 83 1640 νας
103 1560 165 1630 διά
186 1560 224 1631 τὸ
248 1561 294 1650 μὴ
317 1565 423 1632 ταῦτα
449 1570 690 1650 προαιρεῖσθαι
720 1564 1043 1649 κακοδαιμονούσας.

32 1665 64 1734 τὰ
84 1666 114 1736 δ’
142 1664 286 1756 ἡμέτερα
307 1668 485 1757 πράγματα
509 1666 570 1756 ούχ
595 1666 703 1749 οὕτως
729 1673 811 1756 ἔχει,
835 1665 908 1737 ἀλλ’
934 1666 955 1755 ἡ
979 1668 1042 1757 μέν

32 1771 164 1860 ὑμετέρα
185 1773 284 1855 πόλις
305 1772 371 1844 ἀπὸ
395 1780 549 1862 μείζονος
575 1773 766 1863 αὐχήματος
794 1771 963 1863 ἀρχομένη
986 1774 1043 1843 καὶ

32 1881 189 1952 πλειόνων
213 1879 380 1972 ἀφορμῶν
402 1885 551 1969 τυχοῦσα
577 1886 625 1962 είς
648 1880 810 1952 έλάττονα
833 1878 937 1968 ὄγκον
961 1899 1041 1950 συν·
1056 1911 1082 1954 15

31 1989 131 2075 ἦκται,
161 1985 257 2076 ἡμεῖς
284 1987 321 2056 δὲ
349 1987 470 2078 μικράς
500 1985 559 2068 τάς
585 1986 719 2078 πρῶτας
746 1985 862 2076 ἀρχὰς
880 1987 1042 2075 λαβόντες

32 2094 61 2160 ἐν
82 2093 123 2164 ού
151 2099 263 2188 πολλῶ
291 2094 404 2187 χρόνῳ
432 2100 592 2183 μεγίστην
621 2098 689 2164 τῶν
712 2094 957 2183 πλησιοχώρων
981 2094 1041 2163 πό·

32 2206 107 2271 λεων
133 2199 198 2289 τὴν
216 2199 351 2290 Ῥῶμην
377 2201 605 2289 πεποιήκαμεν
632 2200 767 2282 τούτοις
795 2216 866 2282 τοῖς
888 2199 1040 2270 πολιτεύ-

33 2325 123 2392 μασιν
148 2299 196 2376 ῶν
220 2305 263 2376 σύ
285 2307 483 2398 κατηγόρεις
504 2306 682 2395 χρῶμενοι.
731 2305 770 2375 τὸ
800 2306 838 2374 δὲ
860 2306 1039 2389 στασιάζον
1058 2311 1078 2378 8

33 2410 129 2501 ἡμῶν,
156 2415 227 2484 ἐπεὶ
251 2415 308 2484 καὶ
335 2417 436 2484 τούτο
466 2412 513 2482 δι’
534 2419 642 2494 αἰτίας
669 2411 766 2501 εἶχες,
789 2405 816 2481 ῶ
843 2415 1039 2501 Φουφέττιε,
1054 2444 1081 2484 εο

34 2518 98 2588 οὐκ
111 2522 164 2591 ἐπὶ
193 2525 369 2612 διαφθορᾷ
399 2522 457 2589 καὶ
485 2521 662 2591 έλαττῶσει
693 2524 763 2590 τῶν
792 2524 935 2607 κοινῶν,
963 2518 1037 2590 ἀλλ’

34 2627 78 2694 ἐπὶ
99 2633 247 2720 σωτηρία
264 2629 321 2697 καὶ
339 2625 477 2716 αὐξήσει
499 2632 637 2715 γίνεται.
684 2627 956 2716 φιλοτιμούμεθα
975 2625 1040 2716 γάρ

35 2736 63 2799 οί
85 2734 241 2822 νεῶτεροι
268 2733 353 2823 πρὸς
378 2732 458 2815 τοὺς
489 2735 739 2862 πρεσβυτέρους
766 2733 822 2802 καὶ
851 2736 886 2803 οί
912 2738 1040 2804 ἔποικοι

35 2839 105 2926 πρὸς
127 2839 206 2922 τοὺς
230 2841 547 2927 ἐπικαλεσαμένους,
574 2839 712 2926 πότεροι
738 2842 879 2907 πλείονα
900 2838 1039 2928 ποιήσο-

35 2971 86 3030 μεν
112 2945 148 3015 τὸ
176 2943 295 3015 κοινὸν
323 2943 446 3032 ἀμαθά.
499 2948 557 3012 ίνα
588 2944 626 3014 δὲ
656 2941 832 3033 συντεμῶν
860 2954 942 3014 είπω
969 2925 1080 3052 τοῖςὲ

11 3054 207 3136 ιεμίλλουσιν
240 3053 363 3142 ἑτέρων
390 3049 505 3140 ἀρξειν
538 3050 602 3120 δύο
634 3065 811 3141 προσεῖναι
845 3055 899 3120 δεῖ
924 3057 1039 3142 ταῦτα,

98 3281 204 3354 Ῑύπέρ
228 3283 283 3340 del
307 3282 396 3340 Cobet
418 3282 522 3340 Mnem
520 3283 634 3368 IXp.
658 3288 711 3338 319
789 3289 805 3337 3
829 3284 1037 3372 κατηγορεῖςΟ

39 3368 96 3410 corr.
112 3355 249 3412 ΒδεδθῙετ
326 3359 341 3409 ’ί
365 3348 436 3410 mm
456 3349 551 3409 αύτῶν
572 3355 595 3410 0
620 3354 775 3424 praeterB
853 3359 869 3409 8
893 3353 960 3409 τούτ
963 3349 1039 3409 'Ba

40 3420 426 3496 15όονΒειε1εθοϊκυνΟ
499 3431 532 3481 17
553 3421 659 3483 hom.
677 3426 703 3480 A
776 3429 810 3480 19
829 3443 967 3496 κατηηοε
954 3425 1037 3500 εῖςΟ

40 3511 97 3551 corr
112 3497 247 3556 Bfieheler
318 3502 352 3553 23
372 3489 572 3571 <ἀπ>οικοιΒ
644 3502 680 3552 24
699 3494 926 3567 ,καλεσαμίνονς

822 3585 877 3640 19·
