2404 3918
564 173 729 224 ...Γ-

99 331 368 418 2στρατοπέδου
401 327 571 398 διώκουσι.
626 327 707 417 μετὰ
740 327 777 398 δέ
808 325 867 408 τάς
894 328 1001 417 μάχας
1029 330 1192 410 ταῦταςιιι

140 437 231 526 ἀγὼν
256 439 317 525 μὲν
342 439 377 506 έκ
399 435 611 526 παρατάξεως
635 434 747 516 οὐδεὶς
774 432 890 517 αὐτοῖς
917 442 965 506 έτι
992 436 1080 526 πρὸς
1102 437 1155 506 ἀλ-

139 545 264 633 λήλους
296 545 456 630 συνέστη,
483 544 690 631 καταδρομαὶ
723 542 760 612 δὲ
792 547 851 631 τῆς
884 541 1015 631 ὁμόρου
1048 543 1157 632 χώρας

140 650 197 722 ὑπ’
223 650 424 740 ἀμφοτέρων
448 652 600 737 ἐγίνοντο
624 663 774 737 συνεχεῖς
796 650 852 718 καί
876 652 1067 738 συμπλοκαὶ
1089 657 1155 720 τῶν

114 759 332 848 τπεριπόλων
355 761 413 845 τῆς
435 760 497 844 γῆς
520 760 647 827 ἱππέων
670 784 705 826 τε
722 758 779 828 καί
801 760 924 843 ιγιλιῦν,
947 759 985 826 έν
1009 753 1065 838 αἷς
1088 762 1154 828 ἐπε

141 864 289 954 κράτουν
326 861 371 945 ἀς
401 862 443 935 τά
473 861 581 934 πολλά
607 861 765 950 Ῥωμαῖοι
802 863 951 951 δύναμιν
982 863 1154 954 ὕπαιθρον

142 978 274 1061 ἔχοντες
301 974 339 1041 έν
365 985 437 1052 τοῖς
463 972 648 1060 ἐπικαίροις
674 976 852 1060 φρουρίοις
878 969 1152 1060 ὑποκαθημένην,

101 1091 122 1156 3
142 1071 181 1167 ἧς
204 1077 222 1149 ὁ
250 1075 424 1169 Τυρρηνὸς
451 1077 637 1165 Ταρκύνιος
659 1074 780 1165 ἡγείτο.
825 1075 1019 1165 ἀπέστησαν
1043 1080 1083 1148 δὲ
1103 1081 1152 1148 καί

145 1192 326 1273 Φιδηναῖοι
344 1183 517 1271 Ῥωμαίων
544 1181 627 1252 κατὰ
654 1181 735 1264 τοῦς
766 1180 889 1264 αὐτοὺς
921 1184 1071 1273 χρόνους
1098 1185 1150 1255 οῦκ

103 1323 129 1362 ιο
143 1297 179 1364 ἐκ
201 1297 262 1363 τοῦ
286 1295 438 1381 φανεροῦ
458 1287 519 1360 τὸν
537 1289 686 1379 πόλεμον
708 1287 955 1378 ἀναδείξαντες,
974 1290 1064 1362 ἀλλά
1086 1291 1146 1362 κατ’

143 1399 280 1487 ὀλίγους
310 1399 366 1468 καὶ
397 1399 511 1487 κρύφα
543 1396 606 1485 τὴν
637 1396 752 1488 χώραν
782 1396 895 1468 αὐτῶν
932 1405 1142 1490 καταδρομαῖς

143 1510 422 1594 κακουργοῦντες·
454 1501 508 1593 ἐφ’
535 1499 596 1584 οῦς
623 1501 641 1572 δ
671 1503 827 1593 Μάρκιος
856 1502 992 1598 εῦζοόνφ
1022 1513 1139 1598 στρατιᾷ

142 1611 279 1698 ἐλάσας,
311 1612 391 1700 πρὶν
424 1606 444 1699 ἢ
478 1609 799 1699 παρασκευάσασθαι
834 1610 914 1693 τοὺς
949 1617 1146 1703 Φιδηναίους

142 1720 183 1789 τά
207 1717 291 1806 πρὸς
312 1717 373 1788 τὸν
397 1716 559 1805 πόλεμον,
587 1715 686 1804 ἐγγῦς
712 1721 771 1805 τῆς
792 1717 921 1800 πόλεως
943 1725 1078 1790 τίθεται
1099 1721 1149 1792 τὸν

102 1802 281 1931 ᾗχάρακα.
332 1828 366 1894 οί
394 1824 432 1892 δὲ
458 1821 530 1894 κατ’
560 1820 662 1912 ἀρχάς
693 1822 757 1911 μέν
788 1822 927 1912 ἀγνοεῖν
956 1827 1151 1918 ἐσκήπτοντο

143 1929 220 2003 ἀντὶ
242 1939 350 2002 τοίων
373 1928 589 2018 ἀδικημάτων
608 1929 748 2020 στρατὸς
770 1927 820 2000 ἐπ’
842 1929 967 2014 αὐτοῦς
984 1931 1153 2022 Ῥωμαίων

144 2038 298 2129 ἀφῖκται,
330 2041 392 2108 τοῦ
426 2037 463 2106 δὲ
494 2039 658 2124 βασιλέως
689 2037 843 2118 εἰπόντος
874 2036 926 2108 ὅτι
956 2045 1051 2122 δίκας
1079 2041 1151 2131 παρ’

144 2146 257 2216 αὐτῶν
280 2144 354 2233 ἥκει
377 2143 568 2232 ληψόμενος
591 2135 639 2212 ὧν
659 2142 850 2234 διήρπασάν
871 2149 980 2217 τεκαὶ
1003 2150 1153 2236 κατέβλα-

144 2269 214 2337 ψαν
237 2250 343 2322 αὐτοῦ
365 2249 427 2339 τὴν
450 2255 531 2338 γῆν,
558 2248 787 2338 ἀπελογοῦντο
809 2269 894 2342 προς
915 2258 1021 2324 ταῦτα
1045 2253 1092 2337 ὡς
1115 2255 1189 2325 οόιιι

103 2360 181 2432 εοτδ
214 2358 333 2429 κοινὸν
363 2367 488 2428 αίτιον
506 2367 557 2445 είη
590 2362 657 2426 τῶν
690 2357 920 2447 ἀδικημάτων,
947 2363 1004 2432 καὶ
1033 2363 1153 2451 χρόνον

143 2467 288 2562 ᾐτοῦντο
321 2470 369 2546 είς
401 2464 587 2551 διάγνωσίν
619 2491 654 2534 τε
685 2466 742 2535 καὶ
772 2464 906 2553 ζήτησιν
933 2471 1003 2537 τῶν
1031 2469 1153 2558 ἐνόχων

143 2590 217 2657 ταῖς
240 2579 362 2654 αἰτίαις
388 2573 445 2641 καὶ
471 2570 597 2652 πολλάς
623 2575 825 2662 κατέτριψαν
848 2573 975 2662 ἡμέρας
997 2575 1151 2665 τεράτων.

144 2710 197 2764 τες
220 2682 282 2771 μὲν
307 2678 409 2750 οὐδὲν
432 2683 501 2749 τῶν
521 2678 681 2766 δεόντων,
706 2679 963 2769 ἐπικαλούμενοι
987 2683 1025 2751 δὲ
1046 2684 1152 2772 κρύφα

143 2788 223 2870 τοῦς
240 2788 435 2877 συμμάχους
450 2786 506 2856 καὶ
522 2787 598 2874 περί
616 2785 824 2875 κατασκευὴν
844 2785 957 2858 ὅπλων
975 2789 1149 2879 γινόμενοι.
1188 2871 1189 2874 ¹

104 2921 131 2964 ιο
235 2897 368 2965 XXXX.
393 2892 531 2963 Μαθὼν
555 2893 594 2962 δὲ
615 2892 677 2982 τὴν
701 2893 859 2970 διάνοιανΙ
883 2893 995 2964 αῦτιῦν
1020 2894 1037 2964 ὁ
1064 2896 1148 2984 Μάρ-

143 3033 216 3086 κιος
244 3001 440 3089 ῦπονόμους
471 2999 617 3091 ὤρυττεν
648 2999 712 3070 ἀπὸ
743 3004 802 3088 τῆς
831 3004 920 3084 ίδίας
948 3006 1147 3091 παρεμβολῆς

143 3111 330 3201 ἀρξάμενος
351 3107 417 3179 ὑπὸ
440 3107 482 3179 τά
504 3113 594 3196 τείχη
613 3111 671 3196 τῆς
688 3107 827 3196 πόλεως,
849 3109 905 3176 καὶ
929 3107 1042 3196 ἐπειδὴ
1063 3111 1146 3188 τέλος

144 3219 232 3309 εἶχεν
256 3217 322 3305 ἤδη
345 3214 383 3286 τὸ
408 3220 520 3304 ἔργον,
544 3213 733 3304 ἀναστήσας
750 3216 812 3286 τὸν
835 3215 978 3303 στρατὸν
1001 3209 1077 3306 ἦγεν
1098 3217 1143 3284 ε’τὶ

217 3371 351 3432 εῦπὸΒ
425 3369 610 3445 θῦτιαιθροτ
628 3376 654 3430 R
680 3371 884 3447 ῦπαόθριονΒ
957 3383 992 3434 28
1010 3373 1056 3433 τόν
1071 3393 1141 3445 στρα·
1185 3421 1186 3434 ,

146 3443 196 3501 τὸν
214 3447 237 3500 Β
256 3442 308 3514 τὴν
327 3441 460 3514 στρατιάν
478 3444 503 3497 R
