2396 3918
468 222 632 276 -B—
993 215 1056 283 177

153 384 256 452 XV'H.
285 381 332 450 Τὰ
352 381 390 450 δέ
407 379 583 468 Ἑλλήνων
598 384 662 468 ἔθη
676 379 766 468 παρὰ
780 383 884 450 ταῦτα
898 378 1057 463 ἐξετάζων

55 487 108 558 ούκ
128 494 189 577 ἔχω
212 493 283 569 πός
312 490 476 558 ἐπαινέσω
504 486 544 556 τά
571 513 607 558 τε
630 491 910 576 Λακεδαιμονίων
937 484 1058 556 καὶτὰ

55 600 113 665 τόν
134 601 292 684 Θηβαίων
315 596 371 664 καὶ
396 599 465 664 τῶν
491 596 649 682 μέγιστον
676 595 730 663 ἐπὶ
755 600 860 686 σοφίη
885 592 1056 682 φρονούν-

53 730 111 771 των
129 701 334 790 Ἀθηναίων,
358 708 395 770 οἳ
413 700 640 789 φυλάττοντες
657 699 696 770 τὸ
713 699 848 788 εύγενδς
865 702 922 770 καί
935 701 1058 789 μηδενὶ

54 809 277 895 μεταδιδόντες
309 813 340 877 εί
371 807 416 896 μὴ
449 813 604 888 σπανίοις
635 811 694 895 τῆς
725 807 803 895 παρ’
835 809 967 889 ἑαυτοῖς
998 831 1056 876 πο-
1084 823 1097 866 ⁶

53 921 161 996 λιτείας
189 917 249 1005 (έιό
277 914 341 1002 γάρ
369 918 480 1002 λέγειν
508 913 563 984 ότι
590 914 646 981 καὶ
677 915 935 1002 ξενηλατοῦντες
957 915 1058 1006 ἔνιοι)

53 1020 122 1107 πρὸς
147 1026 195 1115 τῷ
225 1021 332 1110 μηδὲν
360 1020 550 1091 ἀπολαῦσαι
577 1021 700 1109 ταύτης
725 1025 785 1109 τῆς
812 1025 1058 1110 μεγαληγορίας

54 1127 171 1214 ἀγαθὸν
195 1127 315 1198 καὶτὰ
339 1131 477 1216 μέγιστα
502 1126 547 1195 δι’
573 1126 680 1216 αύτὴν
704 1127 904 1216 ἐβλάβησαν.
942 1135 1054 1215 Σπαρ-
1076 1127 1096 1192 2

54 1240 145 1305 τιάται
169 1238 234 1324 μέν
257 1263 295 1323 γε
316 1241 515 1315 πταίσαντες
543 1233 630 1323 μάχη
658 1237 699 1324 τῇ
726 1235 802 1323 περὶ
826 1237 995 1324 Λεῦκτρα,
1019 1237 1056 1303 ἐν

52 1333 68 1429 ᾗ
90 1348 218 1429 χιλίους
244 1343 299 1412 καί
328 1343 546 1422 ἑπτακοσίους
572 1340 701 1429 ἄνδρας
730 1340 916 1429 ἀπέβαλον,
946 1340 1057 1411 ούκέτι
1071 1366 1097 1408 ιο

49 1445 100 1534 τὴν
120 1449 225 1519 πόλιν
249 1448 475 1536 ἠδυνήθησαν
499 1451 535 1517 έκ
557 1452 616 1536 τῆς
638 1451 817 1537 συμφοράς
834 1448 957 1536 ταύτης
975 1445 1057 1517 άνα-

50 1561 169 1642 λαβεῖν,
199 1553 273 1625 ἀλλ’
299 1554 491 1643 ἀπέστησαν
517 1558 577 1642 τῆς
605 1553 786 1642 ἡγεμονίας
813 1553 878 1624 σὺν
902 1554 1057 1645 αἰσχύνη.

48 1668 181 1748 Θηβαῖοι
204 1662 241 1731 δέ
261 1662 317 1731 καί
329 1660 506 1748 Ἀθηναῖοι
525 1663 559 1742 έξ
578 1661 655 1742 ἑνὸς
672 1667 735 1731 τοῦ
752 1663 829 1751 περὶ
843 1661 1057 1748 Χαιρώνειαν

47 1765 249 1855 ἀτυχήματος
271 1764 339 1856 ἅμα
361 1766 424 1853 τήν
446 1792 482 1835 τε
504 1774 715 1855 προστασίαν
741 1779 800 1856 τῆς
817 1766 979 1848 Ἑλλάδος
1000 1769 1057 1837 καί

45 1871 99 1959 τὴν
122 1877 324 1962 ἐλευθερίαν
347 1872 409 1960 τὴν
436 1871 578 1960 πάτριον
601 1871 667 1943 ὑπὸ
687 1875 902 1944 Μακεδόνων
931 1873 1056 1965 άφηρί-
1070 1896 1097 1937 1⁶

8 1988 164 2067 λλιθησαν.
208 1978 228 2067 ἡ
250 1979 287 2048 δὲ
300 1978 473 2068 Ῥωμαίων
492 1979 589 2060 πόλις
608 1982 646 2049 έν
662 1979 789 2072 Ἰβηρίηι
806 2007 842 2050 τε
861 1983 917 2051 καί
933 1979 1056 2073 Ἰταλίη
1075 1986 1096 2051 3

45 2089 206 2174 πολέμους
238 2091 361 2173 ἔχουσα
393 2083 559 2172 μεγάλους
594 2093 756 2156 Σικελίαν
787 2113 823 2156 τε
855 2086 1057 2174 ἀφεστῶσαν

44 2190 257 2281 άνακτωμίνη
280 2193 336 2261 καὶ
355 2191 519 2281 Σαρδόνα
541 2193 598 2260 καί
620 2197 689 2262 τῶν
714 2196 750 2262 έν
776 2197 977 2284 Μακεδονίᾳ
998 2193 1056 2262 καί

44 2299 117 2368 κατά
139 2297 206 2387 τὴν
224 2298 369 2368 Ἑλλάδα
396 2297 601 2386 πραγμάτων
624 2300 949 2387 ἐκπεπολεμωμένων
972 2299 1057 2389 πρὸς

44 2404 142 2494 αὐτὴν
165 2407 224 2474 καὶ
243 2403 468 2496 Καρχηδόνος
485 2406 539 2475 έπὶ
561 2404 623 2492 τὴν
647 2402 832 2492 ἡγεμονίαν
855 2404 957 2474 πάλιν
981 2404 1054 2474 άνι-
1069 2427 1096 2469 ιο

45 2514 205 2601 σιαμένης
222 2514 278 2582 καὶ
300 2516 359 2599 τῆς
371 2511 511 2593 Ἰταλίας
527 2510 568 2581 ού
589 2511 698 2600 μόνον
721 2510 918 2600 άφεστάσης
937 2510 1056 2599 ὀλίγον

45 2623 109 2688 δεῖν
132 2620 259 2706 πάσης,
289 2616 373 2686 άλλόι
396 2620 452 2686 καί
475 2617 731 2705 συνεπαγούσης
757 2616 817 2686 τὸν
839 2616 1055 2705 Ἀνυιβιακδν

44 2730 206 2812 κληθέντα
251 2724 416 2812 πόλεμον,
460 2725 635 2806 τοσούτοις
670 2722 847 2814 περιπετὴς
890 2728 1055 2814 γενομένη
1133 2756 1162 2791 ι’

44 2833 212 2912 κινδύνοις
233 2829 317 2900 κατά
340 2831 401 2900 τὸν
420 2829 524 2900 αὐτὸν
548 2830 675 2919 χρόνον
700 2813 767 2918 οὐχ
786 2829 876 2910 ὅπως
899 2833 1055 2919 ἐκακώθη

46 2937 94 3006 διὰ
118 2938 181 3019 τὰς
210 2937 286 3007 τότε
312 2937 428 3024 τύχας,
456 2934 540 3005 άλλδι
572 2938 628 3005 καὶ
655 2938 864 3026 προσέλαβεν
894 2937 993 3026 ίσχύν
1022 2940 1055 3021 ἐξ
1070 2968 1096 3009 ιο

46 3045 147 3116 αὐτῶν
173 3050 222 3114 ε”τι
245 3049 381 3133 μείζονα
403 3047 462 3130 τῆς
483 3045 647 3133 προτέρας
667 3048 714 3136 τῷ
733 3041 858 3130 πλήθει
875 3048 938 3113 τοῦ
957 3064 1054 3133 στρα-

107 3285 122 3332 2
144 3273 297 3334 ἐπαινέσαι
314 3278 340 3332 Α
355 3278 360 3346 Ι
376 3277 426 3331 καί
443 3275 500 3330 τῶν
515 3275 584 3330 Θ.Β
657 3280 673 3330 9
693 3273 746 3345 μέν
765 3293 796 3343 γε
815 3274 866 3348 μιᾷ
885 3276 1055 3338 πταίσαντες

46 3365 63 3401 c.
81 3348 170 3405 Cobet
190 3348 254 3404 obs,
291 3354 345 3403 ,4³
403 3353 437 3402 16
457 3345 497 3409 είς
516 3344 630 3417 ίβηρίαν
648 3364 679 3401 τε
698 3344 747 3400 καὶ
766 3344 914 3400 ίταλίανΒ
970 3352 1004 3400 17
1023 3363 1054 3401 π.

46 3422 202 3490 πολεμοῦσα
228 3437 251 3477 ο.
299 3435 380 3488 ογεοε
406 3418 478 3472 Ann.
496 3417 567 3489 phil.
593 3423 661 3472 1861
690 3436 717 3486 p.
740 3416 758 3470 ’9
788 3413 891 3485 ἔχουσα
918 3418 1054 3486 πολεμεῖν

48 3506 65 3542 ο.
82 3489 187 3546 ΒείεΙῐο
260 3497 293 3546 19
312 3485 383 3560 πρὸς
401 3484 508 3551 αύτούς
530 3489 583 3543 AB

90 3600 193 3642 mom.
205 3599 271 3640 Hm.
284 3598 303 3639 1.
317 3608 357 3639 ιιο.
370 3597 473 3640 mon,
857 3577 890 3624 12
