2396 3918
458 259 624 313 -B-

42 415 161 503 νάμεως
193 414 286 504 εἶχον
319 415 513 507 ὑπηρετεῖν,
545 423 614 488 τῶν
646 418 685 487 δὲ
715 424 913 509 πατρικίων.
928 417 1048 506 ἥκιστα

42 525 250 610 βουλομένων
286 539 357 605 τοίς
392 525 550 606 πελάταις
586 527 738 614 ἐνοχλεῖν
773 525 980 614 χρηματικήν
1012 551 1047 594 τε

7 625 196 716 ιελοάδεμίαν
216 630 349 719 δωρεάυ
362 635 608 720 προσιεμένων·
633 630 740 712 οὕτως
758 629 917 719 ἐγκρατὴς
935 629 953 700 ὁ
974 638 1048 719 βίος

42 725 78 819 ἦν
109 734 224 817 αὐτοῖς
259 735 391 825 ἁπάσης
426 735 554 827 ἡδονῆς
585 739 642 807 καὶ
672 737 711 808 τὸ
744 745 911 827 μακαρίον
946 736 1047 829 ἀρετῇ

42 845 175 928 μυιῶν,
199 842 241 912 οὐ
263 843 356 934 τύιο·
1074 868 1088 910 ⁵

117 951 175 1018 XI.
209 949 261 1020 Οὐ
285 952 395 1039 μόνον
418 951 447 1019 δ’
472 954 508 1022 ἐν
528 952 612 1043 αὐτῇ
631 957 670 1042 τῇ
693 952 789 1021 πόλει
807 950 845 1020 τὸ
865 950 1048 1039 δημοτικὸν

43 1050 97 1122 ὑπὸ
118 1054 183 1142 την
206 1064 415 1145 προστασίαν
436 1069 505 1130 τῶν
522 1065 708 1149 πατρικίων
729 1051 784 1148 ἦν,
804 1058 959 1128 ἀλλὰκαὶ
979 1061 1048 1127 τῶν

47 1157 182 1230 ἀποίκων
200 1161 318 1252 ιαὐτῆς
349 1163 482 1234 πόλεων
518 1165 575 1234 καὶ
604 1170 673 1235 τῶν
707 1168 760 1236 ἐπὶ
793 1171 963 1255 συμμαχίᾳ
993 1165 1049 1232 καλ

46 1273 124 1357 φιλίη
147 1271 419 1353 προσελθουσῶν
441 1272 498 1340 καὶ
524 1275 593 1340 τάν
622 1274 658 1340 ἐκ
680 1275 830 1360 πολέμου
850 1274 1049 1361 κεκρατημέ-

42 1398 101 1440 νων
123 1374 247 1463 ἑκάστη
271 1376 424 1464 φάλακας
447 1375 513 1465 εἶχε
531 1379 588 1446 καὶ
606 1379 794 1466 προστάτας
813 1375 873 1460 οὓς
891 1378 1048 1465 ἐβούλετο
1062 1403 1090 1442 ιο

40 1474 227 1566 Ῥωμαίων.1
246 1484 302 1551 καὶ
320 1483 482 1564 πολλάκις
500 1481 520 1571 ἡ
535 1483 642 1573 βουλὴ
660 1483 701 1554 τὰ
721 1487 756 1553 ἐκ
777 1485 907 1554 τούτων
926 1483 1049 1573 ἀμφισ-

41 1587 204 1718 βητήματα
234 1594 304 1659 τῶν
331 1589 464 1660 πόλεων
492 1592 548 1660 καὶ
576 1594 691 1662 ἐθνῶν
715 1593 769 1662 ἐπὶ
791 1591 871 1672 τοὺς
892 1609 1048 1681 προϊστα-

40 1695 154 1776 μένους
184 1693 299 1765 αὐτων
332 1694 599 1782 ἀποστέλλουσα,
633 1696 674 1766 τά
702 1695 759 1766 ὑπ’
786 1701 923 1767 ἐκείνων
957 1702 1049 1768 δικα-

39 1801 159 1869 σθέντα
189 1801 295 1933 κύρια
323 1799 445 1890 ἡγεῖτο.
501 1802 589 1872 οὕτω
622 1804 660 1872 δέ
692 1803 758 1930 ἀρα
789 1796 975 1891 βέβαιος
954 1831 998 1892 ην
1025 1802 1090 1891 ἡ2

35 1901 244 1994 ΗΡωμαίων
230 1908 376 1996 ομόνοια
406 1908 470 1997 τὴν
498 1908 604 2000 ἀρχὴν
633 1913 669 1979 ἐκ
690 1938 759 1980 των
791 1909 856 1980 ὑπὸ
875 1909 1050 1999 Ῥωμύλον
1064 1944 1090 1986 15

38 2018 377 2085 κατασκευασθέντων
399 2021 552 2104 λαβοῦσα
575 2020 683 2103 ἐθῶν,
710 2014 794 2087 ὥστε
818 2015 978 2087 οὐδέποτε
1002 2019 1047 2085 δι’

41 2124 170 2208 αἵματος
191 2123 249 2191 καλ
272 2123 387 2211 φόνου
408 2129 471 2192 τοῦ
488 2122 560 2192 κατ’
581 2121 738 2212 ἀλλήλων
757 2123 931 2212 ἐχάρησαν
955 2123 1050 2204 ἐντὸς

40 2228 215 2308 ἑξακοσίων
242 2231 299 2298 καὶ
321 2230 508 2319 τριάκοντα
531 2233 631 2315 ἐτῶν,
658 2234 794 2299 πολλῶν
817 2231 872 2299 καὶ
895 2229 1049 2318 μεγάλων

41 2331 344 2425 ἀμφισβητημάτων
372 2341 567 2425 γενομένων
598 2341 644 2430 τῷ
674 2336 769 2430 δήμῳ
796 2335 880 2432 πρὸς
906 2336 985 2417 τοὺς
1012 2339 1049 2404 έν

40 2443 118 2510 τέλει
144 2443 222 2531 περὶ
247 2446 318 2511 τῶν
345 2448 488 2531 κοινῶν,
512 2442 558 2524 ὡς
586 2447 623 2512 ἐν
652 2441 795 2524 άπάσαις
825 2451 919 2531 φιλεί
938 2448 1048 2530 γίγνε-
1063 2475 1090 2516 ευ
1189 2511 1190 2518 ,

43 2556 117 2616 σθαι
139 2562 273 2636 μικραῖς
295 2576 331 2618 τε
357 2552 414 2619 καὶ
437 2551 597 2639 μεγάλαις
619 2551 772 2620 πόλεσιν·
803 2549 889 2618 ἀλλά
910 2555 1050 2618 πείθου·
1069 2555 1090 2620 3
1119 2545 1127 2602 ¹¹

7 2663 94 2732 λθοτες
113 2657 168 2724 καλ
187 2655 408 2737 διδάσκοντες
431 2656 599 2745 ἀλλήλους
616 2660 672 2727 καὶ
689 2655 730 2726 τά
749 2657 811 2746 μὲν
835 2666 991 2743 εἴκοντες,
1008 2655 1050 2725 τά

44 2759 76 2828 δέ
92 2761 167 2851 παρ’
185 2762 349 2832 εἰκόντων
363 2765 603 2853 λαμβάνοντες,
616 2762 787 2844 πολιτικάς
802 2766 979 2833 ἐποιοῦντο
993 2763 1052 2844 τὰς

43 2871 103 2935 τῶν
125 2869 342 2957 ἐγκλημάτων
367 2870 544 2951 διαλύσεις.
591 2873 624 2952 ἐξ
648 2861 690 2939 οὗ
713 2870 752 2938 δέ
774 2870 877 2950 Γάιος
899 2870 1052 2960 Γράκχος

45 2975 92 3042 ἐπὶ
111 2981 168 3064 τῆς
191 2979 400 3065 δημαρχικῆς
419 2979 573 3060 ἐξουσίας
591 2976 774 3064 γενόμενος
793 2981 968 3067 διέφθειρε
987 2979 1050 3067 τὴν
1064 3019 1091 3060 25

45 3085 99 3148 τοῦ
118 3082 361 3170 πολιτεύματος
388 3081 572 3172 ἁρμονίαν,
602 3082 714 3153 οὐκέτι
736 3087 924 3153 πέπαυνται
947 3086 1051 3174 σφάτ-

74 3309 285 3395 ὀέμέτραυν
309 3313 398 3370 cobet
419 3315 472 3370 l..l
505 3314 613 3386 μετρῶν
636 3316 662 3369 R
693 3312 841 3384 μέτρονΒ
925 3323 968 3374 8.
980 3320 1052 3388 ,τῆς

47 3376 144 3440 πόλεων
165 3387 212 3442 Bb
306 3392 339 3441 13
364 3381 554 3441 άποατείλασα
578 3403 601 3440 0.
620 3387 722 3441 Reiske
813 3393 847 3442 22
872 3382 988 3452 ἑκόντες
1005 3391 1052 3446 Bb

49 3457 81 3576 {i
95 3450 266 3599 mmm),
286 3475 356 3512 corr.
371 3457 493 3525 Reiskes
511 3452 670 3513 ἐ.ιιοίυυνο
689 3457 831 3527 Kiessling
857 3455 1051 3517 ἐποιοῦντοθ
