2408 3928
572 207 737 258 ..Γ-

144 366 201 433 καὶ
232 362 295 452 τήν
327 360 512 451 ἡγεμονίαν
542 362 689 433 ἀπόδοτε
720 367 780 455 μιᾷ
807 368 847 453 τῇ
874 369 1040 452 κρείττονι
1064 364 1145 434 πόλει

144 473 202 540 καὶ
223 477 365 541 πλείονα
388 471 561 560 δυναμένῃ
579 485 690 540 ποιεῖν
710 468 824 558 ἄγαθᾶ
842 471 904 559 τὴν
922 469 1055 560 ἥττονα
1092 471 1145 559 ε’γδ
1195 477 1196 508 ³

145 578 208 666 μὲν
245 576 287 667 δὴ
329 577 421 648 ταῦτ’
457 575 538 660 ἄξιῶ
579 577 636 645 καί
676 576 807 647 τούτων
848 579 1043 667 γενομένων
1080 578 1143 648 τόθ’
1195 609 1196 664 3

21 771 23 778 y
144 684 291 774 ἡγοῦμαι
316 687 461 773 βεβαίως
486 681 574 772 ήμᾶς
601 689 740 753 ἔσεσθαι
767 690 905 772 φίλους,
939 685 1003 754 δύο
1037 687 1072 754 δὲ
1098 686 1145 754 τό·
1195 675 1196 680 ¹

103 817 116 859 5
145 801 213 877 λεις
255 796 431 874 οἰκοῦντας
472 791 701 882 ἰσοκορύφους
742 790 852 882 ὥσπερ
894 796 961 862 νῦν
1003 791 1145 862 ούδέποιε

144 897 357 987 ὁμονοήσειν.

240 1008 279 1075 Χ.
329 1005 428 1076 Ταῦτ’
464 1005 610 1086 ἄκούσας
647 1005 665 1076 ὁ
707 1009 916 1095 Φουφέττιος
953 1006 1079 1095 χρόνον
1107 1011 1178 1086 είς431

143 1111 273 1200 βουλήν
295 1111 453 1202 ᾐτήσατο,
474 1114 531 1181 καὶ
554 1113 716 1200 μεταστὰς
743 1114 779 1181 έκ
803 1117 864 1182 τού
887 1113 1057 1201 συλλόγου
1079 1111 1145 1201 μετὰ

143 1223 211 1288 τῶν
239 1219 419 1309 παρόντων
444 1219 618 1307 Ἀλβανῶν
647 1225 679 1288 εί
707 1220 769 1310 χρή
799 1222 958 1309 δέχεσθαι
985 1219 1045 1302 τὰς
1073 1223 1147 1308 αίρέ-

104 1351 130 1391 ιο
145 1346 214 1406 σεις
240 1327 382 1397 ἐσκόπει.
433 1325 478 1408 ύς
510 1327 548 1396 δὲ
580 1325 639 1408 τὰς
670 1325 830 1396 ἁπάντων
862 1327 1000 1416 γνοόμας
1031 1333 1147 1415 ἔλαβεν,

144 1436 343 1522 ἐπιστρέψας
379 1427 482 1515 αὖθις
518 1439 565 1515 είς
601 1431 662 1504 τὸν
699 1433 868 1521 σύλλογον
906 1437 1029 1516 ἔλεξεν·
1060 1433 1148 1522 Ἡμῖν

99 1577 102 1581 ·
143 1543 221 1628 μέν,
245 1533 271 1609 ὦ
299 1540 420 1626 Τύλλε,
443 1539 506 1628 τήν
529 1539 592 1628 μέν
614 1543 760 1629 πατρίδα
782 1548 976 1610 καταλιπεῖν
1003 1538 1046 1609 ού
1069 1545 1151 1609 δοκεῖ

144 1645 219 1716 οὐδ’
245 1649 430 1735 ἐξερημοῦν
458 1644 533 1735 ίερὰ
564 1651 703 1738 πατρῷα
731 1649 789 1715 καὶ
817 1645 1022 1736 προγονικὰς
1053 1650 1150 1726 ἑστίας

32 1799 33 1802 =
142 1755 199 1823 καὶ
229 1753 351 1840 τόπον,
383 1751 424 1822 δυ
457 1753 556 1842 ἐγγύς
587 1756 673 1822 ἐτῶν
699 1759 930 1823 πεντακοσίων
961 1758 996 1823 οί
1023 1757 1151 1840 πατέρες
1197 1783 1198 1820 ι

103 1882 129 1923 15
143 1858 239 1948 ήμῶν
266 1862 445 1949 κατέσχον,
471 1862 655 1930 καὶταῦτα
682 1859 727 1948 μή
750 1862 900 1948 πολέμου
921 1861 1151 1948 κατειληφότος
1197 1887 1198 1930 ι

142 1966 229 2056 ήμᾶς
265 1965 344 2056 μηδ’
375 1966 480 2055 ἄλλης
516 1970 731 2056 θεοπέμπτου
769 1971 947 2057 συμφορᾶς
983 1971 1150 2056 μηδεμιᾶς·
1197 1973 1198 1980 '

143 2079 181 2143 ἓν
215 2075 252 2144 δὲ
283 2072 557 2161 καταστήσασθαι
592 2074 837 2164 βουλευτήριον
869 2076 925 2143 καὶ
958 2080 1040 2164 μίαν
1072 2074 1152 2144 εἷναί

102 2176 204 2270 ἳτήν
228 2181 399 2271 ἄρξουσαν
421 2184 482 2267 τής
504 2180 618 2267 ἑτέρας
641 2181 743 2250 πόλιν
768 2179 829 2251 ούκ
851 2179 1041 2271 ἄπαρέσκει.
1079 2211 1150 2272 γρα·

142 2291 261 2376 φέσθω
286 2287 407 2376 δήκαὶ
430 2291 529 2356 τοῦτο
552 2286 591 2356 τό
622 2290 723 2377 μέρος
745 2290 783 2356 ἐν
806 2302 877 2368 ταῖς
900 2289 1106 2378 συνθήκαις,
1127 2318 1151 2358 ει

101 2416 127 2458 ιο
142 2400 250 2483 δοκεῖ,
276 2397 332 2464 καὶ
359 2398 449 2464 πᾶσα
479 2392 688 2483 ἀναιρείσθω
716 2397 865 2484 πολέμου
887 2396 1067 2485 πρόφασις.
1113 2396 1152 2476 ὡς

142 2503 180 2572 δὲ
209 2505 402 2590 συνέβησαν
433 2502 487 2569 ἐπὶ
514 2500 661 2588 τούτοις,
693 2503 768 2590 περὶ
795 2506 854 2590 τής
881 2502 1069 2591 μελλούσης
1095 2503 1151 2590 τήν

142 2607 325 2696 ἡγεμονίαν
366 2607 625 2697 παραλήψεσθαι
670 2607 800 2689 πόλεως
846 2612 1062 2698 διεφέροντο,
1102 2611 1152 2678 καὶ

140 2717 260 2784 πολλοὶ
292 2716 480 2803 ἐλέχθησαν
512 2718 561 2794 εἰς
591 2718 690 2783 τοῦτο
723 2715 820 2802 λόγοι
847 2715 925 2804 παρ’
956 2714 1151 2806 ἄμφοτέρων

142 2825 356 2902 δικαιοῦντος
389 2824 548 2910 ἑκατέρου
583 2820 646 2908 τήν
678 2819 784 2891 αὑτοῦ
815 2823 916 2891 πόλιν
948 2822 1067 2914 ἄρχειν
1099 2829 1151 2910 τής

100 2948 127 2989 2⁵
142 2929 263 3016 ἑτέρας.
314 2927 332 2996 ὁ
361 2929 422 3017 μὲν
452 2920 515 2998 οὖν
541 2925 702 3016 Ἀλβανδς
733 2933 871 2999 τοιαῦτα
901 2937 1079 3020 προίσχετο
1107 2934 1149 2997 δί-

100 3029 231 3107 3καια·
263 3034 391 3125 Ἡμεῖς,
420 3030 446 3105 ὦ
479 3036 600 3123 Τύλλε,
631 3037 687 3104 καί
717 3039 777 3124 τής
809 3035 871 3124 μὲν
898 3035 1004 3124 ἄλλης
1035 3037 1186 3127 ἄρχεινωθ

140 3143 231 3227 ἄξιοί
257 3145 357 3232 ἐσμεν
384 3142 539 3231 Ἰταλίας,
574 3141 626 3212 ὅτι
659 3149 762 3223 ἔθνος
783 3141 984 3231 Ἑλληνικὸν
1016 3146 1073 3212 καὶ
1101 3148 1148 3232 μέ-

212 3345 244 3394 11
265 3338 306 3402 εἰς
324 3339 347 3393 Β
366 3341 465 3424 οπερ
520 3344 553 3394 13
573 3337 603 3404 ἐξ
623 3335 943 3428 έρήμουΑΙ<ἕσ>τίας
960 3339 1013 3427 ‚AB
1041 3346 1101 3426 '14
1118 3333 1148 3392 ὃν

141 3426 195 3466 om.
213 3410 289 3463 ABa
370 3415 404 3463 19
423 3411 459 3478 δη
478 3409 532 3462 AB
609 3415 644 3465 20
663 3410 880 3482 αν<αι>ρεῖσθω
904 3411 928 3464 Β
955 3411 1148 3481 ανηρησθωλ

141 3484 175 3532 25
193 3477 385 3552 προ<ι>σχετο
402 3479 425 3532 Β
443 3480 590 3547 προείχετο
608 3480 633 3532 Α
706 3487 741 3536 26
761 3481 810 3536 καὶ
823 3481 878 3538 del.
893 3481 984 3539 Cobet
998 3481 1064 3537 Oba.
1077 3501 1102 3552 p.
1117 3485 1145 3535 61
