2412 3912
114 201 155 265 14
536 232 570 242 -
606 205 701 326 μ,-

111 361 226 449 πόλιν,
250 359 294 449 ἣν
317 366 383 431 νύν
405 365 599 430 κατοικοῦσι
617 360 790 448 Ῥωμαῖοι,
817 359 1032 430 παλαιότατοι
1054 353 1136 426 τῶν

112 470 417 557 μνημονευομένων
445 471 599 556 λέγονται
629 482 805 556 κατασχεῖν
833 467 1000 555 βάρβαροι
1027 473 1121 534 Σικε-
1138 483 1164 532 15

112 582 182 662 λοί,
216 582 318 655 ἔθνος
345 573 536 662 αὐθιγενές·
574 574 614 644 τὰ
647 575 685 644 δὲ
716 573 781 664 πρὸ
813 574 944 644 τούτων
974 571 1053 642 οὔθ’
1079 569 1122 652 ὡς

111 689 276 770 κατείχετο
300 681 382 770 πρὸς
406 682 528 771 ἑτέρων
551 679 629 751 οὔθ’
651 679 696 762 ὡς
718 687 840 770 ἔρημος
859 674 904 770 ἦν
927 679 1040 762 οὐδεὶς
1059 684 1137 767 ἔχει·

84 795 254 877 εβεβαίως
286 795 401 859 εἰπεῖν.
450 789 563 881 χρόνῳ
595 790 633 859 δὲ
669 787 811 877 ὕστερον
831 787 1037 876 Ἀβοριγῖνες
1067 783 1123 854 αύ·

111 896 173 983 τὴν
210 897 512 984 παραλαμβάνουσι
552 899 685 989 πολέμῳ
722 900 837 988 μακρῷ
873 893 953 975 τοὺς
988 901 1124 982 ἔχοντας
1197 919 1198 928 ’

76 1001 328 1090 2άφελόμενοι·
370 1009 406 1071 οἳ
438 1001 476 1070 τὸ
514 1003 575 1089 μὲν
611 1003 778 1092 πρότερον
815 1002 868 1072 ἐπὶ
903 1015 974 1082 τοῖς
1009 1001 1125 1090 ὄρεσιν

112 1107 225 1200 ᾤκουν
252 1107 334 1178 ἄνευ
360 1113 479 1197 τειχῶν
505 1109 666 1198 κωμηδὸν
692 1111 749 1178 καὶ
777 1107 957 1196 σποράδες,
990 1109 1059 1178 ἐπεὶ
1091 1107 1127 1176 δὲ
1198 1137 1199 1140 “

112 1221 287 1303 Πελασγοί
314 1242 350 1284 τε
385 1216 441 1285 καὶ
472 1220 541 1285 τῶν
577 1215 690 1286 ἄλλων
712 1213 885 1304 Ἑλλήνων
920 1215 1009 1295 τινες
1045 1211 1126 1282 άνα-

73 1347 99 1386 10
113 1323 288 1411 μιχθέντες
311 1319 425 1403 αὐτοῖς
447 1322 638 1411 συνήραντο
661 1327 723 1392 τοῦ
741 1321 825 1409 πρὸς
845 1321 925 1402 τοὺς
945 1320 1127 1410 ὁμοτίρμο-
1199 1331 1200 1394 1

112 1457 174 1510 νας
195 1431 358 1516 πολέμου,
385 1428 424 1498 τὸ
448 1428 628 1499 Σικελικὸν
649 1432 747 1516 γένος
776 1427 1072 1516 ἀπαναστήσαντες
1095 1429 1129 1508 ἐξ

112 1533 215 1623 αὐτῆς
238 1535 351 1616 πόλεις
373 1535 611 1623 περιεβάλοντο
639 1534 764 1624 συχνάς
789 1536 845 1604 καὶ
872 1533 1128 1624 παρεσκεύασαν

111 1641 265 1728 ὑπήκοον
289 1639 403 1722 αὑτοῖς
424 1647 584 1729 γενέσθαι
607 1646 719 1710 πᾶσαν
741 1640 826 1730 ὅσην
849 1640 997 1732 ὁρίζουσι
1025 1664 1128 1710 ποτα·
1200 1633 1201 1642 ¹

111 1750 170 1836 μοὶ
198 1748 261 1816 δύο
290 1755 388 1836 Λῖρις
414 1749 470 1817 καὶ
502 1751 647 1837 Τέβερις·
685 1755 722 1817 οἳ
744 1749 803 1829 τάς
829 1755 891 1836 μὲν
919 1745 1023 1836 άρχάς
1044 1755 1128 1834 λαμ·

36 1920 38 1925 .
72 1875 97 1916 1⁵
112 1855 257 1941 βαίνουσι
280 1859 339 1940 της
361 1854 489 1940 ῥύσεως
511 1858 547 1924 ἐκ
569 1860 627 1942 τῆς
649 1853 815 1943 ὑπωρείας
837 1859 906 1924 τῶν
921 1851 1129 1924 Ἀπεννίνων

113 1958 214 2047 ὀρων,
234 1958 294 2048 ὑφ’
317 1952 365 2028 ὦν
390 1964 465 2046 δίχα
484 1964 637 2048 τέμνεται
654 1965 745 2031 πᾶσα
762 1963 815 2030 ἐπὶ
834 1965 938 2049 μῆκος
955 1960 975 2048 ἡ
992 1959 1130 2044 Ἰταλία,

113 2065 308 2146 διαστάντες
335 2066 373 2134 δὲ
399 2064 482 2134 κατά
505 2066 563 2147 τάς
586 2066 725 2155 ἐκβολάς
748 2065 927 2136 ὀκτακόσιά
954 2091 1020 2136 που
1048 2067 1130 2135 στά-

114 2170 158 2241 δι’
188 2171 247 2240 ἀπ’
279 2170 433 2259 άλληλων
474 2178 521 2254 είς
561 2173 598 2243 τὸ
644 2172 853 2262 Τυρρηνικὸν
895 2176 1131 2262 ἐξερεύγονται

112 2282 270 2366 πέλανος,
310 2277 374 2347 άπὸ
412 2279 474 2367 μὲν
512 2284 580 2349 τῶν
612 2287 756 2367 βορείων
792 2285 904 2368 μερῶν
937 2278 955 2347 ὁ
991 2282 1132 2367 Τίβερις
1149 2295 1178 2344 26

74 2406 100 2446 2⁰
110 2383 241 2466 Ὠστίας
264 2373 391 2466 πόλεως
412 2392 556 2474 πλησίον
579 2389 747 2472 ἐκδιδούς,
770 2385 835 2455 ἀπὸ
860 2386 898 2454 δὲ
920 2391 981 2454 τοῦ
1003 2407 1134 2475 μεσημ-

112 2496 234 2581 βρινοῦ
254 2498 412 2580 κλίματος
430 2490 447 2561 ό
468 2500 566 2579 Λῖρις
584 2500 807 2581 Μίντουρναν
825 2493 1133 2581 παραμειβόμενος·

78 2589 281 2683 3Ῥωμαίων
305 2601 345 2666 δέ
366 2603 451 2668 είσιν
476 2604 513 2668 αί
532 2599 646 2681 πόλεις
673 2599 860 2687 ἀμφότεραι
882 2597 1025 2669 άποικοι.
1071 2602 1134 2669 καὶ

114 2705 284 2791 διέμειναν
308 2705 361 2773 ἐπὶ
383 2709 441 2792 τῆς
460 2704 563 2792 αὐτῆς
582 2707 741 2793 οἰκήσεως
764 2706 875 2776 οὐκέτι
898 2705 981 2795 πρὸς
1003 2708 1134 2796 ἑτέρων

114 2812 342 2897 ἐξελαθέντες,
366 2809 541 2898 ὀνομάτων
564 2810 723 2899 άλλαχαῖς
743 2817 867 2892 διτταῖς
890 2817 926 2882 οί
946 2813 1042 2882 αὐτοὶ
1066 2811 1135 2882 άν-

115 3041 256 3110 exeerpsit
277 3041 415 3096 Eusebius
438 3042 451 3095 Ι
478 3060 505 3112 p.
525 3045 577 3096 265
597 3059 638 3111 sq.
662 3043 705 3098 ed.
728 3044 836 3100 Sohbne
926 3039 1138 3114 ῖάβοριχῖνες

113 3112 218 3182 ubique
237 3111 284 3165 AB
309 3112 475 3182 scripturam
498 3114 620 3167 testatur
638 3114 734 3182 Steph.
755 3116 819 3183 Byz.
839 3132 860 3171 ε.
880 3135 906 3170 v.
972 3121 1003 3169 11
1024 3111 1136 3179 ἐξανα-

115 3179 266 3253 οτήσαντες
285 3200 308 3240 ο.
328 3182 416 3238 Cobet
435 3183 499 3238 Obs.
518 3203 545 3254 p.
566 3190 600 3238 22
678 3181 891 3248 13*αι1ιοῖςο
961 3193 995 3240 14
1014 3187 1091 3251 ὃίρις
1107 3186 1138 3238 A

114 3253 499 3327 δ<ί>ριςΒΙτίβεριςΟλιίο
513 3257 542 3310 οῖ
557 3261 589 3309 19
637 3251 852 3311 17*στ’άδιαο
921 3252 1091 3318 λοάοτείας
1108 3255 1137 3308 Β

115 3323 232 3389 ὡστείας
251 3327 284 3394 Α,
308 3327 357 3379 sed
376 3326 410 3379 cf.
435 3325 532 3394 Steph.
550 3327 614 3395 Byz.
644 3343 664 3380 ε.
688 3345 713 3381 v.
730 3322 824 3381 Ὡστία
907 3333 940 3382 21
961 3323 975 3383 ὁ
1000 3345 1054 3383 om,
1074 3325 1103 3379 B
1129 3327 1135 3398 1

115 3397 187 3464 δίρις
208 3397 280 3450 ABb
319 3397 407 3466 ἃείρις
428 3395 475 3450 Ba.
495 3401 499 3464 Ι
519 3394 673 3467 μιτούρναν
696 3399 721 3450 Α
739 3395 934 3468 μιντούρανΒ
970 3397 1139 3467 Μίντνρνα

116 3466 211 3535 Steph.
230 3467 294 3537 Byz.
311 3485 367 3522 εν.
383 3484 417 3521 ex
430 3466 518 3537 ipsius
533 3466 662 3537 Dionysii
675 3467 748 3523 libro
757 3467 823 3524 XVI
881 3475 917 3525 24
930 3465 1000 3524 ἄλλό
1014 3475 1078 3531 ταῖς
1097 3469 1137 3537 Ο,
