2408 3928
142 225 207 291 246
567 228 731 282 -Β-

98 387 333 476 4ίερονργίας
354 389 541 456 ἐπετέλουν.
585 385 649 474 τὴν
678 386 717 455 δέ
743 387 906 476 τετάρτην
929 402 1000 468 τοίς
1022 388 1142 474 ἐξηγου-

139 494 254 580 μένοις
275 491 316 562 τά
334 492 529 581 θεόπεμπτα
550 508 673 581 σημεῖα
694 494 750 562 καὶ
774 497 947 584 διαιροῦσι
965 499 1068 564 τίνων
1086 494 1143 561 ἐστὶ

139 600 317 688 μηνύματα
344 601 551 690 πραγμάτων
580 604 652 692 ίδίρι
677 627 714 670 τε
740 602 797 670 καὶ
825 605 988 692 δημοσίᾳ,
1012 597 1073 682 οὓς
1091 599 1140 688 ἀφ’

140 705 216 787 ἑνὸς
247 711 361 788 είδονς
391 711 461 776 τόν
493 706 724 796 θεωρημάτων
756 711 816 796 τῆς
849 710 971 796 τέχνης
1000 705 1144 794 Ῥωμαῖοι

98 839 111 880 ε
137 817 301 883 καλοῦσιν
337 813 499 904 αύγορας,
536 811 631 902 ἡμεῖς
663 812 696 882 δ’
727 811 770 884 διν
803 824 956 903 εἴποιμεν
990 813 1195 900 οίωνοπό-ειιξ

138 929 231 1007 λους,
249 918 379 1008 ἀπάσης
401 924 461 1009 τῆς
484 926 644 1010 μαντικῆς
663 919 742 1009 παρ’
764 919 879 1004 αὐτοῖς
902 921 1004 1003 ὄντας
1027 920 1144 1007 ἐπιστίμ

138 1055 244 1116 μονας
271 1032 331 1116 τῆς
358 1053 393 1098 τε
420 1029 496 1117 περὶ
524 1027 565 1097 τά
598 1027 743 1117 οὐράνια
770 1029 826 1098 καὶ
853 1027 897 1100 τά
916 1029 1080 1117 μετάρσια
1100 1028 1144 1096 καὶ

97 1132 177 1203 5τά
205 1138 342 1222 ἐπίγεια.
395 1131 458 1222 τὴν
491 1134 530 1203 δέ
561 1138 713 1224 πέμπτην
741 1150 815 1218 ταῖς
843 1135 1094 1224 φυλαττούσαις
1115 1133 1144 1202 τὸ

138 1239 232 1330 ἱερὸν
259 1245 326 1329 πῦρ
354 1242 556 1331 παρθένοις,
584 1249 623 1310 αδ
647 1248 830 1312 καλοῦνται
859 1241 944 1332 πρὸς
966 1241 1082 1312 αὐτῶν
1104 1242 1145 1310 ἐπὶ

97 1373 124 1413 ιο
137 1352 208 1436 τῆς
227 1354 311 1430 θεάς
343 1343 387 1437 ἢν
413 1349 667 1439 θεραπεύουσιν
695 1349 860 1437 ἑστιάδες,
893 1348 995 1430 αύτδς
1027 1355 1147 1440 πρῶτος

137 1453 230 1542 ἱερὸν
262 1457 488 1546 ἱδρυσάμενος
509 1456 686 1545 Ῥωμαίοις
710 1454 843 1537 Ἑστίας
873 1458 929 1526 καὶ
961 1459 1148 1547 παρθένους

134 1560 314 1646 ἀποδείξας
337 1561 421 1654 αὐτῇ
445 1564 657 1652 θυηπόλους·
684 1561 769 1652 ὑπὲρ
793 1555 842 1633 τόν
871 1561 969 1651 ὀλίγα
990 1565 1050 1632 καί
1073 1561 1147 1632 αύτά

135 1665 401 1756 τάναγκαιότατα
430 1675 489 1759 τῆς
517 1669 713 1750 ὑποθέσεως
739 1668 946 1756 ἀπαιτούσης
968 1669 1147 1757 ἀναγκαῖον
1195 1695 1196 1720 ³

135 1778 250 1845 είπείν.
298 1782 366 1847 ἐστι
389 1776 454 1866 γάρ
475 1774 499 1846 ἀ
521 1779 578 1847 καὶ
607 1777 770 1865 ζητήσεως
797 1775 934 1865 ἠξίωται
959 1779 1043 1862 [καί]
1066 1775 1147 1864 παρὰ

96 1903 123 1944 15
137 1888 275 1962 πολλοῖς
296 1887 365 1952 τῶν
384 1881 577 1972 Ῥωμαϊκῶν
605 1885 831 1972 συγγραφέων
860 1883 944 1953 κατὰ
966 1882 1028 1953 τὸν
1050 1883 1147 1953 τόπον

134 1992 273 2075 τούτου,
298 1986 409 2078 [ὑπὲρ]
435 1983 483 2059 ὧν
508 1995 543 2059 οί
562 1989 621 2072 τάς
648 1996 757 2072 αίτίας
786 1989 847 2061 οὐκ
870 1991 1065 2078 ἐξητακότες
1088 1995 1147 2060 ἐπι-

134 2098 242 2182 μελάς
264 2097 469 2182 εἰκαιοτέρας
492 2097 672 2184 ἐξήνεγκαν
694 2095 753 2178 τὰς
775 2097 917 2187 γραφάς.

223 2205 322 2271 LXV.
373 2200 442 2290 ffiv
478 2207 566 2290 γοῦν
596 2207 733 2291 ἵδρυσιν
769 2207 831 2273 τοῦ
867 2206 962 2291 ίερού
994 2201 1147 2295 Ῥωμύλῳ

133 2309 222 2390 τινὲς
258 2307 459 2394 ἀνατιθέασι
500 2314 569 2378 τῶν
611 2307 794 2398 ἀμηχάνων
836 2315 1032 2397 νομίζοντες
1068 2310 1147 2380 εἶναι

90 2439 122 2480 νο
135 2416 263 2497 πόλεως
299 2418 507 2504 οἰκιζομένης
542 2414 599 2486 ὑπ’
634 2414 761 2505 ἀνδρὸς
797 2420 957 2505 ἐμπείρου
994 2422 1148 2506 μαντικῆς

134 2551 179 2610 μη
207 2527 524 2610 κατασκευασθηναι
551 2528 687 2611 πρῶτον
716 2525 830 2593 ἑστίαν
857 2522 979 2612 κοινὴν
1007 2529 1069 2612 τῆς
1094 2523 1147 2592 πό-

135 2637 233 2715 λεως,
255 2630 311 2698 καὶ
334 2633 439 2699 ταῦτα
463 2631 500 2698 ἐν
514 2628 622 2720 ’Ἁλβᾳ
644 2634 705 2710 τοῦ
727 2636 864 2730 κτίστου
885 2633 1088 2718 τραφέντος,
1109 2634 1197 2699 ἐνεαλ

134 2764 155 2824 η
178 2734 324 2804 παλαιὸν
348 2726 442 2817 ἐξ
402 2763 442 2805 ου
460 2733 498 2805 τὸ
521 2762 582 2823 της
598 2740 683 2817 θεᾶς
704 2736 827 2824 ταύτης
850 2735 943 2825 ἱερὸν
967 2739 1146 2828 ἱδρυμένον

134 2835 193 2932 ἦν,
222 2843 278 2910 καὶ
305 2869 365 2930 της
397 2841 522 2931 μητρὸς
554 2840 660 2912 αὐτοῦ
691 2842 872 2930 θυηπόλου
902 2847 1088 2933 γενομένης
1111 2848 1146 2931 τῇ

205 3011 221 3058 3
247 2997 400 3076 μηνύματα
423 3021 477 3058 om
502 3004 527 3057 A
604 3009 621 3058 4
644 3003 701 3058 τάν
719 2998 914 3091 θεωρημάτων
939 3005 991 3072 τῆς
1014 3003 1144 3076 τέγνηςΒ

133 3073 184 3142 τῆς
201 3073 301 3144 τέχνης
324 3096 347 3130 τ.
368 3078 399 3130 θ.
418 3075 444 3128 R
516 3074 669 3129 ὅκαλούοι
688 3074 714 3128 A
738 3075 742 3146 Ι
768 3069 903 3161 αύγόρας
917 3075 970 3129 AB
995 3092 1065 3132 corr
1091 3075 1145 3145 Syl·

133 3146 214 3214 bur,
241 3146 399 3201 Ambroseh
481 3151 497 3201 9
521 3139 579 3199 ἀπὸ
605 3145 653 3200 Ab
740 3151 773 3200 13
797 3140 903 3200 *ταδ’
885 3143 1100 3234 ἀναγκαιότατα
1124 3145 1142 3200 0

135 3221 170 3270 14
189 3237 208 3271 α
228 3233 282 3272 om.
297 3217 374 3272 BaR
390 3218 394 3285 Ι
410 3210 529 3285 ἠξίωται
547 3216 597 3271 καλ
611 3216 663 3270 ΑΒ
672 3215 735 3304 ’,καί
745 3216 800 3272 del.
815 3217 972 3272 Ambrosch
1030 3225 1063 3275 16
1081 3213 1142 3308 δτερ

135 3287 191 3341 del.
205 3287 362 3342 Ambrosch
435 3292 468 3341 19
487 3285 562 3348 τινες
581 3282 704 3341 ἐπὶτῶν
717 3281 879 3374 ἀμηχάνων
886 3283 1063 3345 ἀνατιθέασι
1076 3289 1143 3378 νομί-

137 3360 244 3440 ζρντες.
250 3356 338 3442 ΑεΒ,
354 3355 403 3410 sed
421 3371 491 3409 corr.
510 3358 540 3410 et
557 3358 706 3412 adnotavit
723 3361 820 3426 Amg.
844 3355 934 3422 οὕτως
941 3355 1142 3445 ἀναγνωστέον

136 3444 188 3554 223
200 3398 600 3563 όῗὲῗνιόῗόύέὲηῗῖδι
576 3427 759 3552 ἕίῗέζῖδό
772 3425 1142 3571 ἶῗέεάμόέέδοέὲῗμζΨ
1114 3505 1142 3554 53
