2408 3928
463 247 496 258 -
535 219 562 272 Γ
592 227 629 258 '-
987 215 1053 282 269

50 367 140 457 οὗτος
165 374 183 445 ό
210 374 297 466 άνηρ
324 374 471 457 πολλοὺς
503 377 743 464 συνδιενέγκας
770 373 929 468 Ῥωμύλῳ
956 379 1053 447 πολέ-

50 509 125 569 μους
152 484 208 552 καὶ
240 482 367 571 μεγάλα
400 489 481 574 ἔργα
513 481 775 572 ἀποδειξάμενος
807 485 844 552 ἐν
872 496 944 563 ταῖς
970 482 1054 571 πρὸς

47 595 209 676 Σαβίνους
231 590 366 678 μάχαις,
389 587 600 679 άποδνήσιιει
623 589 815 660 καταλιπὼν
833 593 972 660 παιδίον
996 616 1053 678 μο-

47 696 172 783 νογενὲς
205 699 263 766 καί
298 695 461 767 θάπτεται
501 694 586 787 πρὸς
620 701 690 768 τῶν
726 698 894 785 βασιλέων
932 698 978 766 ἐν.
1006 699 1052 789 τῷ

48 809 198 897 κρατίστω
233 807 294 892 τῆς
333 802 460 895 ἀγοράς
495 803 587 896 τόπρο
629 803 751 892 στήλης
787 807 956 894 ἐπιγραφῇ
991 801 1081 891 τὴνε

18 908 164 999 ιοοάρετάρν
182 909 419 1002 μαρτυρούσης
442 909 609 993 άξιωδείς.
650 913 686 980 ἐκ
707 910 745 980 δὲ
767 914 829 981 τού
848 914 1055 999 μονογενοῦς
1073 914 1094 979 3

49 1016 156 1100 παιδὸς
187 1023 236 1100 είς
268 1017 397 1106 ἄνδρας
433 1017 643 1107 ἀφικομένου
674 1019 731 1088 καὶ
761 1017 873 1106 γάμον
906 1020 1052 1105 ἐπιφανῆ

50 1125 200 1211 λαβόντος
231 1123 306 1207 υίὸς
336 1132 465 1214 γίνεται
502 1125 631 1207 Τύλλος
661 1123 823 1206 Ὁστίλιος
853 1122 940 1213 ἀνὴρ
973 1127 1052 1213 δρα-

52 1233 186 1319 στήριος,
215 1228 254 1313 ὃς
289 1230 472 1322 ἀπεδείχθη
506 1225 665 1320 βασιλεὺς
700 1231 803 1325 ψήφρσ
834 1258 870 1300 τε
900 1232 1052 1319 πολιτικῇ

55 1339 250 1428 διενεχθείσῃ
277 1339 353 1426 περὶ
381 1337 486 1408 αὐτοῦ
513 1336 597 1409 κατά
619 1339 747 1427 νόμους
773 1339 830 1407 καὶ
852 1341 913 1408 κού
938 1341 1053 1426 δαιμο-
1068 1364 1095 1406 ιο

50 1450 116 1513 νίου
133 1443 180 1513 δι’
203 1449 338 1538 οίωνεόν
358 1451 479 1515 αἰσίων
498 1444 768 1534 ἐπικυρώσαντος
786 1443 827 1513 τόι
846 1444 989 1526 δόξαντα
1007 1447 1052 1537 τῷ

51 1549 141 1643 δόμμ.
186 1558 260 1633 ἔτος
283 1552 321 1622 δὲ
344 1544 387 1640 ἦν
411 1556 449 1623 ἐν
472 1544 499 1646 ᾧ
522 1550 586 1640 τὴν
616 1549 801 1642 ἡγεμονίαν
823 1554 1011 1640 παρέλαβεν
1034 1548 1053 1619 ὁ

51 1657 193 1748 δεύτερος
215 1657 370 1739 ἐνιαυτὸς
395 1662 454 1748 τῆς
477 1659 624 1748 ἑβδόμης
639 1660 696 1728 καὶ
719 1663 869 1747 εἰκοστῆς
892 1657 1053 1745 ὀλυμπιά-

40 1766 110 1851 δος,
131 1762 175 1854 ἣν
195 1768 288 1835 ἐνίκα
308 1765 449 1836 στάδιον
468 1764 669 1855 Εὐρυβάτης
688 1764 869 1853 Ἀδηναῑος
886 1764 1054 1853 ἄρχοντος

49 1868 247 1961 <Ἀδήνησι>
264 1874 494 1961 Λεωστράτου.
536 1863 635 1953 οὗτος
653 1877 755 1962 ἔργον
778 1869 938 1941 ἁπάντων
956 1897 1053 1960 μεγα-

48 1980 304 2066 λοπρεπέστατον
336 1975 598 2066 ἀποδειξάμενος
635 1976 736 2058 αὐτὸς
771 1975 877 2058 εύδδς
908 1975 976 2066 ἅμα
1007 1983 1053 2071 τῷ

49 2091 244 2172 παραλαβεῖν
269 2083 332 2174 τὴν
362 2083 471 2173 άρχην
498 2082 589 2154 άπαν
616 2082 654 2154 τὸ
682 2082 826 2172 θητικὸν
852 2088 915 2154 τοῦ
943 2083 1054 2172 δήμου

49 2193 95 2259 καλ
112 2190 242 2281 όιπορον
261 2197 387 2262 οίκείον
402 2197 508 2280 ἔσχεν.
544 2184 641 2279 ἦνδδ
656 2190 807 2262 τοιόνδε·
828 2190 943 2280 χώραν
961 2189 1054 2279 εἶχον

49 2299 205 2387 ἐξαίρετον
230 2303 266 2368 οί
284 2297 348 2388 πρὸ
373 2297 479 2368 αὐτοῦ
503 2304 652 2386 βασιλεῖς
674 2297 804 2384 πολλὴν
826 2297 883 2366 καλ
906 2297 1054 2386 ἀγαθήν,

49 2406 75 2486 ἐξ
91 2397 128 2493 ἧς
145 2404 386 2494 ἀναιρούμενοι
404 2404 463 2487 τάς
474 2403 665 2494 προσόδους
684 2404 764 2492 ίερά.
774 2432 811 2475 τε
828 2415 924 2484 θεοῖς
942 2406 1048 2474 ἐπετί·
1063 2439 1090 2479 κο

47 2518 121 2580 λονν
141 2513 199 2582 καὶ
220 2511 280 2593 τάς
301 2517 350 2594 είς
370 2510 431 2582 τὸν
454 2517 555 2602 ίδιον,
570 2518 648 2600 βίον
675 2511 856 2601 άφδόνους
878 2510 971 2599 εἶχον
995 2509 1049 2579 εύ-

48 2625 168 2707 πορίας,
195 2616 239 2708 ἣν
263 2619 421 2706 ἐκτήσατο
445 2618 507 2707 μὲν
524 2617 693 2708 Ῥωμύλος
716 2621 849 2710 πολέμῳ
872 2618 952 2698 τοὺς
974 2616 1053 2687 τότε

47 2725 259 2815 κατασχόντας
284 2724 508 2814 ἀφελόμενος,
531 2729 663 2796 ἐκείνου
686 2725 725 2794 δὲ
750 2723 893 2805 άπαιδος
915 2723 1046 2796 ’ἄποδα-

47 2831 155 2915 υόντος
181 2838 370 2921 Πομπίλιος
399 2831 519 2920 Νόμας
546 2830 564 2902 ό
593 2831 662 2922 μετ’
689 2836 819 2902 ἐκείνου
846 2831 1047 2918 βασιλεύσας

49 2937 233 3027 ἐκαρποῦτο·
268 2931 312 3027 ἦν
340 2938 378 3008 δὲ
406 2937 516 3009 ούκίτι
545 2943 692 3028 δημοσία
718 2943 847 3027 κτῆσις,
871 2936 957 3008 άλλόι
980 2943 1049 3008 τῶν
1065 2969 1091 3010 ιε

16 3041 98 3113 mmet
114 3048 280 3134 βασιλέων
298 3049 430 3134 κλῆρος.
470 3046 597 3133 ταύτην
616 3044 633 3114 ό
664 3045 792 3127 Τύλλος
810 3048 967 3135 ἐπέτρεψε
983 3059 1055 3124 τοῖς
1073 3051 1094 3115 5

1068 1931 1093 1973 15

110 3282 125 3332 8
144 3273 279 3340 ὁστίλλιος
296 3278 350 3332 AB
429 3283 462 3332 10
486 3278 647 3347 διενεχθεὶς
665 3279 690 3332 Α
769 3282 802 3332 15
824 3271 954 3346 Ἀθήνησι
974 3273 1053 3330 addi-

53 3345 85 3401 dit
96 3348 234 3420 Kiessling
250 3351 255 3418 1
270 3345 439 3419 λεοστράτου
454 3349 477 3403 Β
493 3353 497 3418 Ι
513 3345 629 3404 πάντων
644 3348 666 3404 Ο
745 3355 779 3404 16
791 3344 1054 3419 μεγαλοπρεπέστα-

52 3436 91 3472 τον
107 3421 128 3474 Β
146 3419 442 3490 μεηαλοπρεπόστερον
455 3421 481 3474 R
498 3425 502 3484 Ι
519 3416 734 3490 ἐπιδειξάμενος
747 3419 793 3474 Bb
865 3424 900 3472 22
919 3414 982 3472 τότε
998 3417 1052 3473 del.

54 3485 128 3546 cobet
142 3491 206 3547 obs.
220 3511 248 3562 p.
264 3496 298 3546 55
364 3497 400 3545 λλ
420 3487 530 3546 ἐκείνου
550 3492 573 3545 Α
595 3485 714 3546 ἐκείνων
732 3492 778 3545 Ba
832 3494 866 3542 26
885 3487 995 3551 τύλλιος
1008 3489 1054 3543 Ba

1072 1845 1094 1908 4
1186 1903 1187 1908 ,
