2404 3918
567 221 735 271 ..Γ-

140 372 196 441 καὶ
218 371 327 443 πολλὰ
347 371 415 463 ήδη
444 376 672 465 στρατεύματα
698 376 826 465 μεγάλα
852 375 909 447 ὑπ’
939 375 1082 459 ούδενὸς
1106 377 1153 446 οό

140 506 205 561 τως
228 482 345 568 ἑτέρον
367 487 519 572 φοβεροῦ
547 485 748 573 παθήματος
775 482 820 566 ύς
847 483 914 556 ἀπὸ
939 486 1041 574 δόξης
1062 491 1153 572 κενής

141 597 238 676 λ’σμεν
265 588 472 678 πανώλεθρα
501 593 746 681 διαφθαρέντα.
795 591 834 664 τὸ
863 589 895 660 δ’
925 591 1091 680 δμέτερον
1120 591 1154 660 ού

140 692 241 781 λόγος
279 699 371 764 ἔσται
407 695 506 778 κενὸς
543 696 618 768 οὐδ’
648 695 778 787 ἀφανὲς
809 703 923 787 δεῖμα,
956 695 1030 768 ἀλλ’
1061 703 1153 786 ἔργον

89 775 271 903 1Ξόιπάσης
298 800 409 886 όψεως
434 805 492 874 καλ
517 809 635 894 πείρας
661 805 907 894 φοβερώτερον.
953 803 1013 874 έάν
1038 803 1069 872 δ’
1096 803 1153 892 ἀρα

140 907 301 980 τάναντία
328 914 397 980 τῶν
424 914 673 1002 λελογισμένων
701 912 865 1001 γινόμενα
893 910 963 1001 δρῶ
987 913 1193 1003 (λεγέσθωιῑν

140 1015 205 1106 γάρ
236 1019 293 1087 καί
323 1016 364 1088 τά
398 1019 488 1107 παρά
524 1018 583 1100 τὰς
619 1018 841 1109 ἀνθρωπίνας
878 1019 979 1102 δόξας
1014 1018 1153 1090 εἰωθότα

140 1121 309 1212 ἀπαντᾶν,
333 1124 447 1213 έπειδή
471 1124 580 1195 πολλά
602 1128 658 1195 καὶ
681 1126 722 1196 τά
748 1125 793 1216 μή
817 1125 929 1196 είκότα
953 1130 989 1196 οί
1009 1131 1080 1213 βίοι
1103 1129 1152 1213 φέ-

140 1233 254 1323 ρουσι)
278 1229 439 1302 τάναντία
461 1233 517 1302 καλ
540 1229 643 1314 αύτὸς
666 1225 715 1302 ἀν
736 1231 936 1324 προύθέμην
961 1233 1150 1322 ἐπιχειρήσω

101 1353 128 1394 10
140 1351 260 1407 ποιεῖν.
306 1337 374 1422 ἀξω
401 1337 466 1427 γὰρ
493 1337 581 1426 ὑμᾶς
604 1341 657 1408 ἐπὶ
684 1337 764 1420 τούς
791 1345 972 1427 πολεμίους
995 1337 1065 1428 ἀμα
1083 1338 1149 1408 Ῥω-

139 1448 251 1531 μαίοις
272 1447 329 1514 καὶ
353 1445 567 1535 συλλήψομαι
585 1445 701 1527 αὐτοῖς
722 1450 782 1534 τῆς
804 1452 900 1534 νίκης
917 1446 980 1534 τήν
1003 1473 1040 1516 τε
1061 1447 1144 1516 κατό-

139 1558 243 1638 ληψιυ
266 1557 334 1622 τῶν
357 1550 499 1640 ὑψηλῶν
521 1558 728 1641 πεποιῆσθαι
756 1553 926 1643 σκήψομαι
950 1558 1011 1640 τῆς
1032 1553 1145 1622 κυκλό
1193 1585 1194 1590 ’

140 1678 223 1739 σεως
249 1662 317 1729 τεόν
345 1657 633 1749 ἀντιτεταγμένων
665 1663 769 1729 ἕνεκα.
819 1660 995 1749 γενήσεται
1025 1663 1067 1730 δέ
1093 1687 1148 1748 μον

138 1765 255 1846 πιστὸς
282 1763 300 1836 ὁ
325 1765 425 1854 λόγος
453 1771 534 1858 ἔργα
562 1765 818 1856 ὁμολογούμενα
845 1771 885 1858 τῇ
914 1766 1035 1854 σκήψει
1060 1790 1149 1856 παρε-

99 1891 124 1934 1⁵
139 1874 319 1961 σχημένου,
343 1871 429 1943 ὥσθ’
449 1872 535 1962 ἡμᾶς
557 1878 625 1943 τῶν
644 1873 706 1963 μὲν
726 1878 850 1944 δεινῶν
874 1877 1071 1964 μηδετέροις
1088 1901 1149 1942 κοι-

137 1985 306 2068 νωνῆσαι,
338 1985 397 2070 τῆς
430 1979 461 2049 δ’
497 1980 676 2070 ἀμείνονος
706 1982 810 2071 τύχης
840 1981 919 2069 παρ’
955 1981 1148 2071 ἀμφοτέρων

87 2083 127 2148 18
138 2094 346 2175 μεταλαβεῖν.
393 2086 457 2177 έγοδ
480 2087 542 2177 μὲν
567 2086 609 2177 δή
630 2092 736 2158 ταῦτα
755 2087 885 2176 ἔγνωκά
907 2114 944 2159 τε
965 2089 1022 2190 καί
1042 2088 1148 2179 δράσω

138 2193 203 2264 σύν
230 2205 327 2277 θεοῖς
357 2195 517 2285 κράτιστα
545 2195 629 2268 ὄντα
657 2195 699 2265 ού
726 2195 835 2286 μόνον
856 2195 1045 2284 Ἀλβανοῖς,
1072 2194 1147 2264 ἀλλὰ

136 2305 192 2372 καὶ
211 2317 281 2384 τοῖς
299 2302 415 2385 ἀλλοις
429 2310 600 2390 Λατίνοις,
618 2301 706 2392 ὑμᾶς
725 2303 763 2372 δὲ
781 2302 844 2393 χρὴ
869 2302 968 2391 σιγήν
987 2303 1050 2391 μὲν
1068 2306 1147 2390 πρό-

97 2429 197 2480 εῡτον
221 2412 464 2499 φυλάττοντας,
487 2416 598 2480 ἔπειτα
616 2410 748 2499 κόσμον
770 2437 805 2480 τε
824 2409 991 2492 σώζοντας
1013 2410 1148 2488 καὶτοῖς
1194 2479 1195 2528 ,

135 2521 464 2608 παραγγελλομένοις
514 2517 615 2600 ὀξέως
660 2516 911 2607 ὑπηρετοῦντας
954 2516 1147 2605 προθύμους
1194 2533 1195 2558 ¹

136 2624 324 2713 ἀγωνιστὰς
351 2634 509 2714 γίνεσθαι
536 2627 592 2694 καὶ
619 2624 700 2707 τούς
726 2623 787 2715 ὑφ’
813 2623 928 2706 αὑτοῖς
953 2624 1146 2713 προθύμους

135 2735 309 2822 παρέχειν,
337 2734 617 2821 ένθυμουμένους
645 2731 697 2802 ότι
725 2731 789 2821 οὐχ
817 2730 935 2820 όμοιός
958 2735 1050 2802 ἐστιν
1072 2729 1144 2820 ἡμῖν

135 2865 170 2908 τε
192 2840 248 2908 καί
270 2853 341 2921 τοῖς
363 2838 479 2921 ἀλλοις
501 2837 700 2928 ἀνθρώποις
728 2838 745 2910 ό
769 2841 845 2927 περὶ
869 2842 927 2927 τῆς
955 2841 1187 2928 έλευθερίαςίεο

208 3067 411 3162 1ήδ<η>..Β
469 3073 629 3144 4δεῑμαΒ
648 3073 790 3162 ostreata
849 3066 1140 3145 όφοβερύτατονλλ

136 3138 188 3199 έάυ
206 3145 229 3199 Β
248 3166 285 3200 αν
302 3147 329 3201 R
401 3139 575 3214 λείωθότα]
596 3138 689 3198 οἷοίτ’
711 3142 982 3200 ονταο.ΒδοὴΘΙοε
1046 3141 1140 3267 Mina

133 3212 253 3286 πόλεμοι
280 3233 303 3273 ο.
332 3214 475 3284 Kiossling
497 3215 502 3287 Ι
521 3211 611 3270 πολλοὶ
640 3213 760 3285 φέροντι
787 3215 837 3270 καλ
868 3211 905 3269 τό
933 3213 956 3270 0
990 3217 1101 3285 praeter

136 3291 169 3338 11
197 3281 376 3356 κατάλημκψις
397 3287 444 3339 Ba
530 3291 563 3339 12
590 3290 777 3341 πεποιεῖσθαι
798 3286 845 3340 Ba
928 3290 961 3340 13
990 3282 1140 3356 φανήσεται

135 3353 566 3442 ο,Βδρὴθ1οτΙπαρεσχημόνου
585 3356 608 3409 Β
637 3355 835 3427 παρεχομένου
853 3355 880 3409 R
953 3361 989 3412 1⁷
1008 3356 1062 3428 μὲν
1079 3354 1139 3425 δήΒ

135 3421 188 3489 μὲν
206 3443 259 3546 νέαν
277 3427 331 3550 R,A
378 3432 414 3481 20
432 3428 584 3491 σωιξοκτας
601 3426 627 3480 A
703 3434 738 3483 22
757 3434 817 3490 τοῖς
833 3421 933 3494 ύφ’Β
1011 3435 1046 3484 23
1065 3425 1138 3482 ἔνθα·

136 3509 211 3559 μονμ
227 3513 287 3556 νοις
