2408 3928
450 236 616 289 -Β-
974 234 1040 300 209

37 397 91 464 τοῦ
123 398 245 463 Τατίου
275 391 337 462 τὸν
369 391 474 480 λόγον
510 393 582 464 κατ’
618 397 737 464 ἐλπίδα
768 399 953 484 προδοσίας
984 396 1041 465 καὶ

38 499 255 580 συνελθόντος
291 503 339 579 είς
375 498 437 568 τὸν
478 499 725 589 ἀποδειχθέντα
764 500 885 587 τόπον,
922 510 1041 589 προελ-

37 610 137 676 θοῦσα
173 611 221 687 είς
257 604 395 694 ἐφικτὸν
430 604 452 695 ἡ
488 609 662 697 παρθένος
702 610 941 695 ἐξεληλυθέναι
978 607 1041 696 μέν

38 712 143 795 νυκτὸς
161 716 198 783 έκ
216 719 279 784 τοῦ
297 719 469 804 φρουρίου
490 712 552 784 τὸν
575 718 700 804 πατέρα
724 713 826 804 αὸτής
845 720 909 803 ἐφη
929 720 1042 803 χρείας

38 818 116 900 τιυὸς
137 823 246 908 ἕνεκα,
264 820 322 902 τάς
346 821 384 890 δέ
405 830 495 902 κλείς
518 819 601 909 αὐτή
625 822 807 910 φυλάττειν
830 826 899 891 τῶν
922 825 1040 891 πυλῶν
1067 849 1082 892 ι

39 928 84 994 καὶ
102 928 315 1018 παραδώσειν
339 927 454 1009 αὐτοῖς
475 927 515 998 τὸ
539 934 646 1016 ἔρυμα
674 927 796 1011 νυκτὸς
819 927 1042 1018 ἀφικομένοις

37 1033 148 1120 μισθὸν
184 1039 244 1124 τῆς
279 1041 464 1126 προδοσίας
496 1041 648 1123 λαβοῦσα
677 1035 719 1105 τά
751 1035 931 1126 φορήματα
968 1040 1040 1105 τών

39 1146 200 1229 Σαβίνων,
245 1138 268 1211 ῦ
304 1145 380 1234 περὶ
420 1157 492 1224 τοϊς
532 1141 720 1230 εὐωνύμοις
761 1141 853 1231 εἶχον
895 1140 1042 1222 ἀπαντες

42 1252 209 1336 βραχίοσιν.
255 1248 480 1330 εὐδοκοῦντος
504 1249 542 1318 δέ
568 1253 630 1318 τοῦ
657 1254 781 1319 Τατίου
804 1252 958 1335 λαβοῦσα
983 1247 1083 1329 τάςὸ

40 1359 148 1435 πίστεις
177 1355 223 1424 δι’
250 1355 363 1445 ὅρκων
396 1354 475 1446 παρ’
502 1353 606 1425 αὐτοῦ
638 1357 695 1424 καὶ
726 1353 810 1443 αῦτη
843 1359 951 1425 δοῦσα
980 1359 1084 1425 τοῦτο

40 1457 75 1545 μή
91 1461 278 1542 ψεύδεσθαι
295 1461 355 1542 τάς
373 1460 555 1551 ὁμολογίας
572 1461 677 1532 τόπον
695 1489 731 1531 τε
751 1460 904 1553 ὁρίσασα,
923 1460 977 1549 ἐφ’
1000 1458 1042 1531 δν

14 1569 94 1634 ιεέδει
110 1567 188 1648 τοῦς
202 1573 377 1655 Σαβίνους
394 1571 521 1654 έλθελν,
535 1566 596 1638 τδν
617 1567 828 1658 ἐχυρώτατον
849 1568 905 1637 καλ
920 1567 1043 1648 νυκτὸς

41 1671 120 1760 ῦραν
137 1673 200 1762 τήν
219 1673 498 1764 ἀφυλακτοτάτην
516 1673 614 1764 ἀπήει
633 1677 689 1744 καὶ
708 1673 788 1756 τοῦς
807 1678 910 1745 ἔνδον
931 1679 1042 1744 έλαθε.

114 1783 318 1850 XXXVIIII.
354 1784 467 1868 Μέχρι
495 1781 556 1868 μὲν
585 1780 627 1870 δή
657 1782 787 1853 τούτων
811 1785 1043 1870 συμφέρονται

36 1885 142 1968 πάντες
170 1891 206 1957 οί
220 1885 396 1976 Ῥωμαίων
425 1902 644 1976 συγγραφεῖς,
674 1891 711 1958 έν
742 1888 780 1958 δδ
802 1903 873 1969 τοῖς
895 1887 1040 1978 ὕστερον
1055 1909 1081 1952 1⁵

38 1997 218 2081 λεγομένοις
241 1993 303 2083 οὐχ
325 1993 541 2084 ὁμολογοῦσι.
583 1999 719 2064 Πείσων
739 1995 803 2083 γάρ
823 1993 840 2063 ὁ
860 1995 1042 2082 τιμητικός,

41 2091 73 2166 οὗ
91 2103 145 2170 καλ
167 2100 336 2192 πρότερον
366 2102 558 2190 ἐμνήσθην,
585 2100 731 2187 άγγελόν
760 2120 865 2189 φησιν
894 2099 961 2169 ῦπδ
984 2104 1043 2187 τής

42 2214 190 2298 Ταρπείας
218 2206 451 2296 ἀποσταλῆναι
480 2207 611 2295 νύκτωρ
636 2209 671 2276 ἐκ
698 2211 760 2276 τοῦ
784 2212 910 2294 χωρίου
934 2205 1044 2294 δηλώ-

39 2334 126 2384 σοντα
146 2318 193 2408 τῷ
212 2313 372 2407 Ῥωμύλῳ
396 2312 455 2395 τδς
478 2316 661 2402 γενομένας
683 2317 723 2403 τή
745 2313 830 2402 κόρη
853 2311 938 2401 πρὸς
961 2310 1044 2392 τοῦς

40 2427 197 2508 Σαβίνους
220 2418 412 2510 ὁμολογίας,
436 2418 488 2490 ὁτι
511 2422 626 2507 μέλλοι
648 2418 689 2488 τά
712 2411 937 2506 σκεπαστήρια
954 2416 1037 2508 παρ’
1054 2442 1082 2482 εο

40 2527 134 2596 αὐτῶν
158 2533 265 2597 αίτελν
284 2526 371 2596 ῦπλα
390 2525 447 2595 διά
465 2531 525 2614 τῆς
543 2526 739 2613 κοινότητος
756 2529 824 2594 τῶν
844 2523 1038 2612 ὁμολογιῶν

39 2636 343 2724 παρακρουσαμένη,
373 2633 520 2720 δύναμίν
547 2659 583 2702 τε
612 2632 802 2716 ἀξιώσοντα
824 2634 965 2720 πέμπειν
989 2634 1043 2701 έπί

39 2739 66 2806 τὸ
94 2740 262 2831 φρούριον
299 2742 416 2828 ἑτέραν
454 2739 593 2825 νυκτός,
628 2736 674 2819 ώς
712 2736 800 2832 αὐτῷ
835 2738 1042 2829 στρατηλάτη

40 2847 310 2937 παραληψόμενον
339 2832 421 2928 τόῦς
445 2853 627 2934 πολεμίους
649 2844 800 2933 γυμνοὺς
821 2849 890 2913 νῦν
914 2843 1044 2915 ὅπλων·

98 3085 115 3133 4
132 3075 222 3149 αῦτῆς
239 3080 293 3135 AB
365 3084 384 3134 δ’
400 3073 451 3142 τάς
470 3077 502 3134 δὲ
521 3082 597 3140 κλεῖς
616 3071 769 3163 φυλάττειν
789 3075 820 3130 in
838 3076 861 3130 Β
885 3075 929 3132 bis
948 3077 1044 3147 posim

46 3153 69 3202 10
80 3151 125 3205 τοῦ
143 3152 197 3206 del.
213 3149 304 3206 Gobess
314 3149 380 3205 Obs.
390 3168 417 3221 p.
429 3156 464 3205 48
520 3156 552 3204 ll
571 3151 735 3220 ψευσεοθαι
748 3148 824 3203 idem
837 3147 885 3202 1.1.
938 3155 971 3202 12
986 3150 1043 3203 τῶν

47 3213 211 3286 ἐχυρωτάτου
239 3222 292 3278 AB
324 3238 394 3277 corr.
421 3221 563 3291 Xiessling
602 3216 652 3275 τόν
681 3215 854 3304 ὁχυρότατον
888 3235 912 3273 ο.
939 3219 1043 3274 Reiske

48 3290 197 3362 15ήωμαῖοι
211 3294 289 3347 Assa
344 3299 377 3349 16
391 3292 536 3348 πίσωνΒα
592 3297 625 3346 18
640 3289 841 3378 δηλωσανταΑ
897 3294 929 3343 19
944 3287 1044 3353 τοῦςΒ

48 3363 132 3417 0111.R
211 3371 246 3420 20
268 3359 383 3432 παρ’Β
413 3381 467 3419 om.
495 3364 521 3417 R
601 3369 634 3416 21
664 3361 825 3432 ονομασιῦν
853 3376 877 3414 ο.
905 3360 1045 3415 Βδολιελοι·

48 3433 74 3484 22
90 3427 241 3498 ἀξιώσαντα
269 3435 345 3491 ΑΒα
426 3441 461 3490 23
485 3429 562 3506 αῦτῷ
589 3434 627 3505 τῷ
657 3427 829 3501 στρατηλάτχ
858 3447 881 3486 c.
906 3430 1047 3487 Biichelet

50 3506 77 3554 24
91 3504 325 3578 παραληψομένην
345 3523 368 3562 ο.
388 3506 491 3561 Βοίελτο

91 3611 180 3656 διοπτε.
193 3617 258 3657 Hm.
272 3615 293 3656 1.
311 3625 350 3655 ιο,
364 3615 467 3657 σεοοετ.
850 3594 884 3642 14
