2404 3918
136 198 203 264 360
563 229 597 240 -
635 203 730 254 Γ·-

137 358 316 449 ἐλήστευον
350 356 414 447 γὰρ
448 362 483 428 ολ
512 360 683 447 Τυρρηνοὶ
712 359 792 441 τοὺς
821 359 990 448 ἐμπόρους
1020 359 1143 430 ἅπασαν

96 469 119 534 2
137 467 330 553 κατέχοντες
352 463 415 553 τήν
439 466 592 537 ἐπέκεινα
609 471 671 536 τοῦ
690 471 842 556 ποταμοῦ
866 468 993 556 χοόραν·
1016 471 1071 537 καὶ
1090 467 1144 554 τήν

138 576 278 661 ξυλίνην
301 575 469 660 γε’φνραν,
491 569 536 659 ἣν
559 572 644 642 ἄνευ
666 579 792 662 χαλκοῦ
814 576 871 643 καί
895 575 1040 664 σιδήρου
1062 577 1145 643 δεδέ-

138 689 221 749 σθαι
243 682 343 768 θέμις
366 677 422 748 ὑπ’
447 678 561 750 αὐτῶν
590 683 881 771 διακρατουμένην
905 686 974 750 τῶν
999 683 1144 764 ξυλίνων,

111 787 267 868 εέκεῖνος
299 788 468 855 ἐπιθεῖναι
499 791 546 879 τῷ
578 788 712 877 Τεβέρει
738 790 884 875 λέγεται,
914 784 959 877 ἣν
990 786 1067 877 ἄχρι
1091 789 1145 856 τοῦ

137 896 306 982 παρόντος
351 892 639 979 διαφυλάττουσιν
686 893 781 983 ἱερὰν
825 893 914 964 εἶναι
956 901 1144 982 νομίζοντες.

139 1004 171 1067 εί
192 1001 233 1069 δέ
253 1024 285 1066 τι
310 997 489 1085 πονήσειεν
513 997 616 1087 αὐτῆς
637 1001 740 1087 μέρος
767 1005 803 1070 ολ
832 1001 1033 1089 ἱεροφάνται
1056 1011 1143 1089 θερα-

137 1104 278 1175 πεόουσι
305 1111 429 1186 θυσίας
450 1105 545 1186 τινὰς
567 1109 796 1187 ἐπιτελοῦντες
816 1104 885 1194 ἅμα
907 1111 948 1197 τή
967 1110 1141 1193 κατασκευή

99 1215 120 1280 3
139 1217 309 1302 πατρίους.
353 1217 458 1282 ταῦτα
482 1213 749 1302 διαπραξάμενος
777 1213 831 1283 ἐπὶ
854 1218 913 1301 τῆς
937 1217 1028 1295 ίδίας
1051 1213 1173 1303 ἆρχήςεεῑ

100 1317 159 1388 ιοὸ
183 1317 340 1406 βασιλεὺς
370 1310 469 1400 οὗτος
496 1323 644 1406 ἱστορίας
672 1317 748 1401 ἄξια
776 1322 834 1389 καὶ
855 1320 919 1406 τήν
937 1318 1073 1409 Ῥοίμην
1093 1319 1141 1388 οόι

141 1423 244 1517 όλίγφ
267 1431 441 1513 κρείττονα
468 1424 642 1512 παραδοὺς
668 1426 747 1515 tots}
764 1429 1014 1515 ἐπιγινομένοις
1038 1419 1079 1516 ής
1097 1425 1135 1495 τί

139 1530 195 1612 τὸς
218 1535 421 1620 παρέλαβεν,
445 1538 500 1619 ἔτη
522 1533 661 1622 τέτταρα
683 1530 768 1621 πρὸς
789 1548 861 1614 τοῖς
883 1543 991 1604 εἴκοσι
1014 1533 1078 1622 τήν
1096 1539 1132 1620 βι-

141 1644 269 1708 σιλείαν
296 1637 471 1728 κατασχόν
498 1636 709 1727 ἀποθνήσκει
736 1641 800 1710 δύο
828 1640 1023 1712 καταλιπὼν
1052 1641 1139 1722 υίοός,

140 1743 287 1834 τὸνμὲν
317 1751 364 1815 ἔτι
391 1751 495 1814 παῖδα
521 1745 585 1833 τὴν
612 1744 758 1834 ήλικίαν,
779 1746 841 1816 τόν
868 1747 906 1816 δὲ
927 1748 1143 1838 πρεσβύτερον

101 1877 127 1918 ιε
143 1849 264 1938 ἀρτίως
285 1856 475 1940 γενειῶντα.

229 1961 410 2028 XXXXVI.
447 1958 544 2038 Μετὰ
573 1959 612 2028 δέ
633 1958 693 2029 τὸν
706 1959 835 2046 Ἀγκου
859 1967 1020 2050 Μαρκίου
1049 1962 1144 2031 θοίνα-

141 2091 203 2135 τον
225 2064 245 2153 ἡ
269 2064 377 2153 βουλή
400 2066 502 2135 πάλιν
522 2067 760 2154 ἐπιτρέψαντος
779 2066 863 2159 αότή
886 2073 949 2138 τοῦ
969 2053 1082 2158 δήμου
1098 2093 1144 2137 πο·

141 2177 268 2242 λιτείαν
296 2169 340 2260 ἢν
371 2172 527 2260 ἐβούλετο
557 2173 832 2261 καταστήσασθαι
865 2176 981 2263 μένειν
1014 2177 1068 2245 ἐπὶ
1098 2177 1145 2260 τῆς

141 2276 245 2368 αότής
282 2283 368 2367 ἔγνω
404 2281 460 2347 καλ
497 2275 716 2348 ἀποδείκνυσι
752 2285 993 2368 μεσοβασιλεῖς.
1050 2286 1085 2351 ολ
1117 2279 1146 2346 δὲ

101 2410 128 2450 ιο
142 2385 391 2474 συναγαγόντες
423 2390 471 2466 είς
500 2383 717 2475 ’ἀρχαιρεσίας
748 2384 786 2455 τὸ
819 2392 951 2475 πλῆθος
981 2391 1146 2476 αίροῦνται

140 2495 281 2580 βασιλέα
309 2491 455 2563 Λεύκιον
487 2492 687 2582 Ταρκύνιον.
737 2493 1000 2580 βεβαιωσάντων
1032 2495 1071 2564 δὲ
1100 2493 1147 2563 καί

141 2605 211 2670 τῶν
239 2597 329 2690 παρὰ
356 2604 418 2669 τοῦ
447 2603 629 2686 δαιμονίου
659 2605 808 2688 σημείων
834 2599 874 2668 τὰ
901 2603 1064 2690 κραθέντα
1090 2598 1146 2670 ὑπὸ

142 2712 204 2777 τοῦ
236 2706 392 2794 πλήθους
423 2706 679 2795 παραλαμβάνει
712 2705 775 2794 τήν
808 2713 983 2794 βασιλείαν
1016 2709 1146 2798 ἐνιαυτῷ

145 2815 289 2906 δευτέρῳ
318 2812 461 2901 μάλιστα
490 2817 549 2901 τῆς
578 2817 657 2899 μιᾶς
682 2814 740 2882 καὶ
767 2819 1028 2903 τετταρακοστῆς
1057 2813 1145 2900 όλυμ

102 2921 279 3008 εεπιόδος,
307 2916 351 3008 ἣν
381 2921 474 2988 ἐνίκα
498 2919 681 3007 <στόδιον>
703 2919 887 3002 Κλεώνδας
909 2927 1071 3008 Θηβαῖος,
1097 2920 1144 3006 όρ

102 3026 124 3090 2
143 3055 264 3120 χοντος
279 3026 464 3114 Ἀθήνησιν
478 3023 684 3114 Ἡνιοχίδου.
715 3029 846 3113 γονέων
863 3029 894 3095 δ’
911 3025 1039 3097 ὁποίων
1052 3030 1143 3097 τινάν

144 3128 243 3218 οὗτος
265 3133 284 3204 ό
307 3135 495 3224 Ταρκύνιος
516 3126 559 3220 ήν
578 3133 634 3202 καὶ
652 3136 813 3222 πατρίδος
835 3134 868 3215 ἐξ
887 3124 927 3221 ής
946 3139 1012 3222 ἔφυ
1034 3135 1087 3202 καὶ
1104 3127 1140 3199 δι’

214 3337 231 3384 3
255 3326 395 3383 δεδέσθαι
418 3330 441 3383 Β
464 3344 519 3382 om.
543 3329 569 3382 R
654 3335 671 3382 4
694 3329 813 3393 ξυλίνων
837 3328 859 3383 Ο
885 3326 977 3394 ξύλων
1000 3329 1140 3398 Stephanus

145 3395 412 3469 θφυλάττουσιυΒ
468 3396 533 3453 ’ἰοί
549 3414 603 3452 om.
623 3398 676 3452 AB
738 3405 770 3452 12
790 3397 838 3467 ἔτη
857 3399 879 3453 Β
899 3395 946 3453 ίπλ
964 3401 990 3454 R
1048 3407 1079 3455 20
1095 3397 1139 3468 είς]

144 3464 215 3530 ὡςΑ
254 3472 287 3521 25
300 3463 415 3520 στάδιον
430 3468 539 3520 om.AB
549 3467 552 3538 ί
562 3471 716 3531 κλεωνίδας
724 3473 749 3521 Α
761 3470 908 3532 κλεονίδας
918 3470 939 3522 Β
950 3485 1020 3524 corr.
1027 3469 1140 3524 Meineke
