2408 3928
484 225 649 279 ..Β-

47 377 205 468 θεάτροις
233 381 431 468 γινομένας·
463 383 502 457 ,έν
530 378 676 464 ἁπάσαις
704 383 768 474 γὰρ
790 385 926 468 ταύταις
947 389 1106 478 πρόση-4

47 491 98 571 βοι
126 485 228 574 κόροι
256 493 480 574 χιτωνίσκους
513 487 730 570 ἐνδεδυκότες
761 493 932 581 ἐκπρεπεῖς
962 494 1070 582 κράνη

47 593 100 659 καὶ
128 595 213 681 ξίφη
242 595 301 662 καὶ
329 593 466 684 πάρμας
494 599 626 682 ἔχοντες
654 597 834 685 στοιχηδὸν
858 599 1069 687 πορεύονται,

46 705 102 766 καί
136 704 228 768 εἰσιν
267 692 363 770 οὗτοι
403 705 463 788 τής
499 707 633 790 πομπῆς
671 700 832 791 ἡγεμόνες
867 706 1069 794 καλούμενοι

48 803 126 892 πρὸς
153 805 272 876 αὐτῶν
301 807 356 876 ἐπὶ
388 811 448 896 τής
478 811 616 890 παιδιᾶς
646 813 706 896 τής
730 807 796 880 ὑπὸ
827 816 951 881 Λυδῶν
982 815 1095 894 ἔξεο-ε

50 915 172 1000 ρήσθαι
213 913 388 1001 δοκούσης
417 919 598 1002 λυδίωνες,
631 915 758 996 είκόνες
789 914 835 998 ῶς
870 919 943 1005 έμοί
976 923 1072 988 δοκεῖ

5 1022 116 1091 εεετῶν
144 1026 293 1107 σαλίων,
322 1021 393 1090 ἐπεὶ
421 1025 490 1090 τῶν
517 1047 555 1109 γε
582 1027 806 1111 Κουρητικῶν
829 1021 931 1094 οὐδὲν
958 1023 1068 1113 ῶσπερ

50 1128 81 1192 οἱ
110 1125 227 1196 σάλιοι
260 1131 391 1215 δρῶσιν
425 1125 498 1198 οὔτ’
531 1131 569 1197 έν
600 1126 720 1216 ὕμνοις
752 1128 822 1198 οὔτ’
854 1133 891 1200 έν
923 1129 1068 1220 ὀρχήσει.

51 1237 128 1320 χρήν
152 1233 192 1302 δέ
220 1232 364 1316 τούτους
392 1235 596 1321 ἐλευθέρους
622 1261 657 1305 τε
680 1233 768 1304 εἶναι
797 1235 854 1306 καὶ
876 1236 1069 1324 αὐθιγενεῖς

51 1339 98 1406 καὶ
126 1337 353 1428 ἀμφιθαλεῖς,
387 1343 423 1410 οί
450 1339 485 1408 δ’
511 1342 599 1410 είσίν
627 1343 660 1423 ἐξ
688 1339 929 1430 δποιαςδήποτε
958 1344 1067 1433 τύχης.
1082 1371 1108 1412 ιο

47 1451 79 1512 τί
96 1444 162 1533 γὰρ
188 1451 244 1516 δεῖ
264 1445 306 1515 τά
328 1452 433 1516 πλείω
461 1448 538 1532 περὶ
560 1446 674 1518 αὐτῶν
695 1448 854 1538 μράφεινς

132 1556 269 1623 LXXII.
302 1552 350 1622 Ἡ
372 1553 411 1622 δὲ
439 1553 567 1641 ἑβδόμη
595 1565 697 1644 μοῖρα
723 1559 783 1642 τής
810 1559 901 1645 ίερῶς
923 1566 1064 1644 νομοθε-

45 1665 118 1739 σίας
144 1664 193 1752 τῷ
228 1660 417 1748 συστήματι
450 1663 637 1748 προσετέθη
670 1665 738 1730 τῶν
764 1665 983 1749 καλουμένων
1010 1690 1067 1752 φε-

45 1772 191 1836 τιαλίων.
250 1759 347 1837 οὗτοι
376 1764 411 1834 δ’
437 1763 480 1841 ἂν
513 1776 632 1854 εῖησαν
662 1768 745 1836 κατὰ
778 1767 841 1855 τήν
867 1767 1066 1858 Ἑλληνικήν

44 1873 248 1960 καλούμενοι
283 1873 461 1942 διάλεκτον
494 1877 710 1961 εἰρηνοδίκαι.
769 1874 834 1942 εἰσὶ
867 1874 899 1942 δ’
931 1879 967 1945 ἐκ
998 1883 1066 1946 τῶν
1081 1901 1106 1943 15

44 1975 191 2066 ἀρίστων
222 1990 328 2050 οίκων
357 1979 482 2070 άνδρες
508 1981 672 2048 ἐπίλεκτοι
700 1978 758 2048 διὰ
784 1980 909 2062 παντὸς
932 1983 1066 2072 ίερεάμε-
1107 2033 1110 2042 ,

44 2113 96 2154 νοι
119 2091 183 2155 τοῦ
207 2092 304 2174 βίον,
327 2085 431 2174 Νόμα
454 2089 516 2156 τοῦ
539 2088 702 2173 βασιλέως
724 2085 860 2173 πρῶτον
887 2088 942 2157 καὶ
964 2094 1064 2159 τοῦτο

40 2189 216 2279 Ῥωμαίοις
243 2193 282 2264 τὸ
316 2191 409 2282 ίερδν
438 2190 575 2280 άρχεῖον
598 2195 905 2280 καταστησαμένου·
937 2199 968 2262 εί
988 2197 1101 2283 μέν-2

43 2324 93 2366 τοι
120 2298 214 2388 παρὰ
242 2303 313 2369 τῶν
340 2289 561 2386 καλουμένων
589 2303 758 2368 Αἰκικλῶν
787 2298 825 2368 τὸ
854 2300 1065 2390 παράδειγμα

45 2409 162 2492 ἔλαβεν
192 2406 307 2496 ῶσπερ
337 2410 472 2475 οίονταί
499 2430 604 2491 τινες,
631 2401 652 2492 ή
680 2403 771 2493 παρὰ
797 2411 854 2493 τής
878 2404 1064 2495 Ἀρδεατῶν
1079 2435 1106 2476 ω

44 2510 171 2593 πόλεως
210 2510 256 2594 ῶς
292 2511 418 2600 γράφει
451 2514 589 2590 Γέλλιος
625 2509 686 2581 οὐκ
722 2517 785 2600 ἔχω
822 2515 947 2601 λέγειν,
984 2513 1065 2586 άπά-

44 2643 103 2704 χρη
127 2619 168 2688 δὲ
191 2646 252 2707 μοι
274 2621 418 2688 τοσοῦτο
443 2617 551 2706 μόνον
575 2621 696 2705 είπεῖν,
720 2615 771 2687 ὅτι
794 2617 858 2707 πρὸ
881 2625 941 2708 τής
961 2622 1065 2712 Νόμα

14 2721 150 2813 θοάρχής
174 2724 272 2794 οὔπω
300 2724 338 2795 τὸ
368 2713 443 2794 τῶν
459 2727 681 2812 εἰρηνοδικῶν
704 2723 856 2814 σύστημα
879 2728 968 2817 παρὰ
986 2728 1064 2802 Ῥω·
1145 2753 1146 2756 ’

45 2836 153 2914 μαίοις
174 2824 231 2919 ήν.
277 2831 502 2920 κατεστήσατο
528 2829 560 2899 δ’
586 2828 668 2900 αὐτὸ
692 2833 812 2919 Νόμας
835 2830 888 2904 ὅτε
915 2833 1100 2928 Φιδηνάῗὸ

44 2963 112 3018 ταις
144 2945 263 3028 ἔμελλε
296 2947 455 3026 πολεμεῖν
487 2943 639 3026 λῃστείας
670 2939 726 3006 καὶ
757 2942 969 3032 καταδρομὰς
1005 2953 1065 3037 τής
1080 2955 1106 2996 ²⁵

114 3141 128 3188 1
148 3129 254 3196 αύταῖς
273 3133 296 3188 0
317 3149 386 3188 corr.
406 3132 508 3188 (ἕσπεο
526 3132 590 3189 Obs.
609 3151 636 3203 p.
657 3139 689 3188 13
756 3129 848 3192 ὅάτό
864 3137 913 3194 Ab
980 3150 995 3199 7
1016 3143 1064 3202 ου’.

47 3199 170 3261 δέν..Β
247 3201 350 3260 ὃούτε
369 3203 455 3258 bisB
527 3199 585 3258 9έ.
604 3203 714 3273 χρήνΒ
740 3205 746 3274 1
769 3203 888 3272 τούτους
907 3215 1067 3274 Ambroseh

48 3269 147 3340 αύτούς
171 3277 195 3332 Ο
278 3281 312 3330 10
335 3273 362 3330 οἳ
386 3275 411 3329 A
490 3280 521 3328 11
547 3277 612 3329 τοδε
635 3277 665 3329 τί
680 3270 734 3344 γάρ
757 3281 895 3338 nonnulla
913 3286 1003 3344 verba
1021 3307 1067 3347 ex.

47 3343 140 3402 cidisse
155 3348 318 3417 suspicatus
330 3347 374 3401 εεῖ
384 3345 541 3414 Stephanus
597 3351 629 3400 13
645 3345 783 3414 φιτιάλων
798 3351 851 3406 ΑΒ
911 3363 944 3412 14
958 3352 1069 3432 ἦσαν-Α

49 3419 79 3468 19
105 3413 226 3474 ἔκικλῶν
254 3420 280 3472 Α
318 3413 460 3473 έκικ.λῶν
487 3416 510 3470 Β
538 3433 606 3471 corr.
636 3415 771 3474 Cluverus
854 3431 889 3482 20
917 3428 1021 3508 ἔλαβον
1045 3439 1068 3494 Β

47 3491 81 3540 24
96 3487 284 3560 φιδηνιάταις
301 3489 325 3542 Β

96 3596 199 3640 Βιοεεεεί
210 3599 277 3638 Im.
292 3597 311 3638 1.
330 3607 370 3638 nn.
383 3597 486 3638 «heom.
870 3590 903 3641 17
