2404 3918
458 237 629 287 ..Γ-

122 371 279 461 xxvill.
300 392 445 482 ’Ἀνδρες
462 391 621 482 Ῥωμαῖοί
642 419 676 462 τε
694 395 750 462 καὶ
769 392 866 462 άλλοι
884 399 979 481 φίλοι
997 394 1053 463 καὶ

35 500 215 588 σύμμαχοι,
239 498 320 581 τοῦς
342 499 404 588 μὲν
428 503 465 570 ἐκ
492 503 554 569 τοῦ
577 503 729 590 φανεροῦ
751 498 982 588 τολμήσαντας
1005 505 1054 581 είς

35 606 182 694 πόλεμον
207 603 290 694 ’ήμῖν
313 609 518 693 καταστῆναι
544 609 752 694 Φιδηναίους
780 607 836 675 καὶ
863 604 943 687 τοὺς
971 625 1052 695 συμ-

36 712 162 801 μάχους
190 712 305 782 αὐτῶν
334 713 615 802 ἐτιμωρησάμεθα
643 711 706 782 σῦν
734 721 844 799 θεοῖς,
870 713 926 781 καὶ
957 717 1052 782 δυεῖν

36 820 182 908 θάτερον
206 816 229 908 ἢ
258 819 446 890 παύσονται
474 819 512 888 τὸ
536 816 657 888 λοιπὸν
687 821 904 906 ἐνοχλοῦντες
926 817 1008 908 ἡμῖν
1030 817 1079 908 ήδ

38 930 131 1007 δίκας
161 933 318 996 τίσουσιν
347 931 396 996 ἐτι
426 926 558 995 τούτων
590 931 753 1014 χείρονας.
804 924 937 994 άπαιτεῖ
967 927 1005 995 δὲ
1033 925 1092 996 δ2

38 1032 161 1121 καιρός,
185 1034 257 1102 ἐπεὶ
279 1031 321 1103 τδι
342 1037 458 1121 πρῶτα
481 1030 563 1120 ήμῖν
581 1030 653 1101 κατ’
675 1030 777 1121 εὐχήν
796 1032 974 1120 κεχώρηκε,
997 1035 1052 1102 καί

39 1138 114 1220 τοὺς
149 1138 275 1221 ἄλλους
310 1139 569 1227 τιμωρήσασθαι
605 1146 801 1227 πολεμίους,
834 1138 909 1208 ὅσοι
942 1146 1052 1227 φίλων

44 1247 98 1332 μὲν
130 1251 268 1333 ἔχουσιν
303 1244 453 1334 ὀνόματα
483 1246 540 1314 καὶ
572 1245 841 1334 παρελήφθησαν
874 1251 921 1326 είς
952 1246 1053 1316 τόνδε

45 1351 98 1420 τὸν
122 1352 273 1440 πόλεμον
306 1350 351 1433 ῦς
378 1357 487 1432 κακῶς
518 1350 598 1433 τοῦς
628 1351 766 1432 κοινοὺς
797 1351 941 1439 ἐχθροὺς
971 1351 1049 1440 μεθ’
1066 1379 1093 1418 ιο

9 1456 137 1546 στήμων
159 1459 375 1546 ποιήσοντες,
404 1460 621 1546 ἐγκατέλιπον
650 1458 688 1527 δὲ
714 1457 752 1527 τὸ
780 1457 864 1547 πρὸς
893 1456 980 1547 ἡμᾶς
1001 1486 1052 1528 πι-

41 1567 117 1634 στὸν
138 1567 195 1635 καῖ
219 1564 301 1653 μετὰ
322 1569 392 1634 νῦν
413 1571 582 1654 πολεμίων
601 1564 814 1652 ἀπορρήτους
830 1564 1053 1654 ποιησάμενοι

40 1671 213 1761 συνθήκας
236 1675 436 1760 διαφθεῖραι
454 1671 582 1751 πάντας
604 1668 692 1758 ήμᾶς
715 1671 926 1757 ἐπεβάλοντο.
967 1671 1093 1742 πολῦδ

40 1778 99 1862 γὰρ
124 1771 221 1848 οὗτοι
243 1786 382 1858 κακίους
399 1781 470 1846 τῦυ
492 1780 528 1846 ἐκ
546 1781 606 1847 τοῦ
625 1783 778 1866 φανεροῦ
797 1785 966 1866 πολεμίων
988 1781 1053 1848 είσδ

39 1887 90 1954 καὶ
114 1891 267 1973 μείζονος
288 1889 451 1974 τιμωρίας
472 1883 573 1966 άξιοι·
601 1882 681 1964 τοῦς
699 1883 760 1971 μὲν
784 1882 848 1970 γάρ
866 1886 922 1953 καλ
946 1885 1053 1973 φυλά-
1067 1909 1093 1950 15

41 1995 161 2072 ξασθαι
199 1991 321 2083 ῥηίδιον
356 2004 429 2072 τοῖς
465 1993 779 2079 ἐπιβουλευομένοις
815 1992 872 2059 καὶ
904 2001 1052 2079 συμπλα-

40 2103 154 2179 κέντας
181 2097 226 2179 ὡς
260 2097 405 2188 ἐχθροὺς
437 2094 634 2185 ἀμύνασθαι
667 2097 832 2184 δυνατόν,
863 2104 986 2185 φίλους
1018 2097 1049 2165 δ’

41 2210 172 2295 ε’χθρῦν
195 2211 277 2294 ἔργα
299 2209 482 2284 ποιοῦντας
502 2203 579 2274 οῦτε
598 2205 814 2291 φυλάξασθαι
833 2204 953 2296 ῥᾴδιον
976 2203 1052 2274 οῦτε

41 2313 234 2401 άμῦνασθαι
261 2326 332 2392 τοῖς
354 2317 666 2399 προκαταληφθεῖσι
695 2309 852 2380 δυνατόν.
900 2303 992 2380 οῦτοι
1018 2310 1050 2378 δ’

42 2422 123 2489 εἰσὶν
153 2423 188 2489 ολ
213 2420 425 2507 πεμφθέντες
452 2415 533 2505 ἡμῖν
557 2413 622 2486 ὑπὸ
652 2420 709 2505 τῆς
729 2413 901 2504 Ἀλβανῶν
924 2417 1054 2497 πόλεως
1066 2440 1093 2480 2⁰

43 2529 91 2596 ἐπὶ
114 2527 204 2619 δόλφ
234 2525 404 2614 σύμμαχοι
430 2521 535 2592 κακδν
563 2523 625 2611 μὲν
655 2522 761 2593 οάθέν
787 2521 846 2613 ὑφ’
873 2523 970 2614 ἡμῶν
991 2550 1052 2593 πα-

43 2636 168 2721 θόντες,
188 2631 302 2720 ἀγαθὰ
323 2631 360 2701 δὲ
373 2628 480 2701 πολλά
503 2631 558 2698 καῖ
582 2629 718 2718 μεγάλα.
754 2629 888 2700 ἄποικοι
907 2631 1052 2719 μὲνγὰρ
1071 2637 1093 2701 4

44 2741 149 2812 αὐτῶν
178 2741 276 2821 ὄντες
304 2737 410 2808 οὐθὲν
438 2742 497 2825 τής
523 2737 654 2808 τούτων
682 2736 786 2825 ἀρχῆς
814 2739 1053 2826 παρασπάσαν-

43 2875 91 2928 τες
113 2853 205 2918 ίδίαν
230 2844 329 2934 ίσχῦν
352 2847 409 2913 καὶ
433 2845 581 2933 δύναμιν
605 2843 670 2913 άπὸ
689 2848 757 2913 τεῦν
780 2850 878 2914 ἰδίων
896 2849 1052 2935 πολέμων

45 2955 265 3042 ἐκτησάμεθα,
293 2957 410 3020 ἔθνεσι
439 2950 477 3019 δὲ
504 2957 672 3038 μεγίστοις
693 2951 750 3019 καὶ
772 2953 1054 3040 πολεμικωτάτοις
1067 2983 1094 3024 ιι

110 3193 123 3240 1
143 3185 194 3242 καὶ
212 3181 242 3240 ολ
258 3179 406 3254 άλλόφιλοι
424 3182 447 3237 Β
519 3187 536 3236 4
555 3183 636 3236 δυεῖν
653 3169 776 3238 Βδυοῖν
794 3185 820 3238 R
892 3190 925 3238 13
946 3179 1054 3253 συνθή-

47 3275 92 3318 κας
107 3251 296 3327 ποιησάμενοι
318 3256 341 3309 Β
424 3259 457 3310 16
481 3251 548 3316 τοῦς
572 3249 845 3325 ἐπιβουλευομένους
863 3256 888 3310 Α
916 3263 975 3318 τοῖς
995 3253 1057 3367 ἐπι-ἱ

48 3361 297 3436 βουλευομίν<οι>ς
311 3362 334 3416 Β
393 3367 427 3415 19
445 3360 571 3416 τοιοῦτοι
586 3379 609 3416 ο.
625 3360 763 3416 ΒῖῖοΒεΙετ
778 3363 782 3428 Ι
799 3345 879 3417 οῦτοι
897 3355 927 3416 δ’
949 3339 1055 3421 ἐκεῖνῦι

47 3431 66 3484 Β
123 3441 156 3489 22
176 3429 293 3488 ἄποικοι
312 3430 415 3502 μένγε
435 3432 457 3485 Β
476 3431 510 3487 cf.
530 3431 654 3487 Reudler
673 3431 763 3487 Tiroc.
782 3451 809 3502 p.
830 3440 845 3488 2
919 3439 954 3488 24
973 3440 1054 3493 πολε-

48 3505 110 3571 μίων
127 3505 149 3560 Β
167 3501 267 3560 πόνων
286 3521 310 3560 ο.
328 3503 430 3559 Reisko
