2412 3912
131 228 174 294 86
557 229 725 285 -Α-

130 389 192 477 μὲν
231 387 305 458 οὐδ’
345 393 461 460 ἐλθεῖν
493 395 636 460 Αἰνείαν
674 391 781 478 φασίυ
818 394 866 470 εἰς
898 387 1040 458 Ἰταλίαν
1074 385 1134 473 ἅμα

134 503 282 584 Τρωσίν,
307 501 342 566 οἰ
364 495 395 566 δ’
422 500 537 588 ἕτερον
560 502 720 583 Αἰνείαν,
743 494 784 564 οὐ
811 494 873 566 τὸν
896 497 930 578 ἐξ
949 494 1136 583 Ἀφροδίτης

129 604 186 672 καί
206 601 362 692 Ἀγχίσου
384 603 583 692 γενόμενον,
607 608 642 673 οἰ
664 602 695 672 δ’
719 601 897 672 Ἀσκάνιου
915 601 977 672 τὸν
994 607 1136 686 Αἰνείου,

131 713 167 778 οἰ
197 710 228 778 δ’
263 711 388 792 ἄλλους
418 711 522 793 τινάς.
567 713 633 780 εἰσί
666 709 697 779 δ’
733 717 770 780 οδ
797 709 858 780 τὸν
890 713 924 792 ἐξ
949 708 1138 798 Ἀφροδίτης

103 822 272 888 ῦΑἰνείαν
295 821 433 906 λέγουσι
454 818 708 906 καταστήσαντα
726 817 788 888 τὸν
810 817 915 906 λόχου
938 821 986 896 εἰς
1005 814 1138 884 Ἰταλίαν

130 921 404 1014 ἀνακομισθῆναι
426 924 528 996 πάλιν
548 930 663 995 οἰκαδε
675 927 733 994 καί
755 928 953 1012 βασιλεῦσαι
974 927 1036 1011 τής
1054 927 1140 1008 Τροί-

132 1057 189 1116 ας,
211 1034 417 1100 τελευτῶντα
446 1031 485 1101 δὲ
506 1040 701 1102 καταλιπεῖν
722 1029 884 1123 Ἀσκανίφ
906 1035 953 1123 τῷ
975 1027 1140 1116 παιδίτήυ

130 1143 325 1224 βασιλείαν,
357 1140 413 1207 καί
444 1136 483 1207 τδ
515 1137 576 1206 ἀπ’
612 1142 745 1208 ἐκείνου
776 1141 876 1225 γένος
907 1138 961 1206 ἐπὶ
991 1145 1141 1205 πλεῖστον

129 1257 306 1331 κατασχεῖν
329 1242 391 1331 τήν
414 1243 541 1333 άρχήν·
575 1242 620 1326 ῶς
643 1245 705 1334 μὲν
732 1242 797 1331 ἐγώ
821 1243 938 1326 εἰκάζω
965 1259 1036 1324 τοῖς
1055 1241 1143 1331 Ὁμή-

91 1369 117 1409 1⁰
131 1377 194 1440 ρον
218 1356 332 1419 ἔπεσιν
356 1350 418 1420 οὐκ
442 1351 556 1441 ὀρθῶς
578 1351 849 1440 λαμβανομένοις
870 1352 1143 1441 παρακρουσθέν-

90 1457 191 1538 bns.
227 1462 402 1545 πεποίηται
425 1457 489 1546 γάρ
514 1458 603 1552 αὐτῷ
628 1463 666 1528 ἐν
686 1458 803 1528 Ἰλιάδι
827 1462 1008 1527 Ποσειδῶν
1031 1458 1144 1546 προλέ

129 1590 201 1651 γωυ
232 1562 295 1651 τήν
328 1567 518 1651 μέλλουσαν
552 1572 691 1635 ἔσεσθαι
722 1567 799 1656 περὶ
830 1564 891 1634 τὸν
918 1569 1064 1634 Αἰνείαν
1097 1563 1146 1632 καί

129 1669 209 1750 τοὺς
231 1673 265 1752 ἐξ
288 1673 421 1740 ἐκείνου
444 1674 694 1761 γενησομένους
716 1671 918 1759 ἐπιφάνειαν
942 1663 1012 1741 ῶδέ
1031 1693 1122 1752 πως·
1147 1685 1199 1735 ιλιι

197 1800 264 1864 νῦν
287 1795 326 1865 δὲ
349 1794 392 1883 δή
416 1802 556 1866 Αἰνείαο
579 1803 637 1885 βίη
665 1797 836 1884 Τρώεσσιν
860 1795 975 1879 ἀνάξει

91 1927 117 1970 ιε
197 1903 253 1969 καί
275 1908 392 1984 παῖδες
414 1908 557 1990 παίδων,
579 1910 636 1973 τοί
655 1931 713 1973 κεν
737 1904 921 1992 μετόπισθε
943 1905 1120 1990 γένωνται.

130 2023 360 2113 ὑπολαβόντες
388 2020 452 2097 οὖν
479 2027 540 2097 τὸν
559 2027 712 2118 ’Όμηρον
740 2031 777 2096 ἐν
803 2033 938 2118 Φρυγίᾳ
968 2025 1151 2097 δυναστεό-
1198 2045 1199 2048 ’

131 2160 233 2214 ουτας
255 2137 382 2204 εἰδέναι
400 2135 480 2216 τοὺς
493 2133 637 2225 ἄνδρας,
662 2134 707 2216 ῶς
723 2133 764 2222 δὴ
781 2133 822 2203 οὐ
847 2132 996 2204 δυνατὸν
1011 2130 1100 2222 <δυ>
1116 2135 1149 2201 ἐν
1198 2140 1199 2170 ³

128 2239 251 2333 Ἰταλίᾳ
275 2246 451 2322 οἰκοῦντας
474 2241 668 2329 βασιλεύειν
693 2239 830 2329 Τρώων,
853 2242 915 2327 τήν
939 2237 1150 2328 ἀνακομιδήν
1198 2245 1199 2278 ἰ

130 2352 192 2417 τοῦ
222 2353 364 2417 Αἰνείου
393 2347 595 2418 ἀνέπλασαν.
641 2347 757 2436 άρχειυ
789 2346 827 2415 δὲ
857 2345 899 2436 δή
930 2351 998 2415 τῶν
1026 2347 1152 2435 Τρώων
1198 2351 1199 2374 ¹

91 2481 119 2521 εο
134 2452 193 2540 οὓς
217 2454 354 2543 ἐπήγετο
378 2457 434 2523 καὶ
457 2455 582 2524 άλλοθι
603 2456 875 2542 πολιτευομένων
896 2450 958 2522 οὐκ
980 2452 1154 2522 άδάυατον
1198 2419 1199 2496 ἰ

131 2553 193 2648 ήυ·
226 2568 296 2649 ἔχοι
317 2559 347 2628 δ’
369 2559 413 2630 άυ
427 2590 478 2643 τις
490 2567 550 2649 τής
563 2560 690 2649 άπάτης
703 2562 759 2629 καὶ
774 2563 887 2650 ἑτέρας
901 2565 1009 2639 αἰτίας
1026 2564 1156 2646 λαβεῖν,

221 2671 325 2736 ΙιΠΠ,
349 2672 394 2736 Εἰ
412 2670 453 2736 δέ
472 2695 567 2747 τινας
584 2667 739 2755 ταράττει
760 2665 798 2736 τδ
818 2671 968 2756 πολλαχῇ
992 2668 1158 2753 λέγεσθαί

131 2800 167 2842 τε
197 2774 253 2841 καί
285 2777 486 2842 δείκνυσθαι
516 2774 645 2861 τάφους
675 2777 822 2843 Αἰνείου
848 2771 1038 2864 ἀμηχάνουι
1055 2772 1157 2852 ὄντος

133 2882 171 2948 ἐν
194 2885 324 2948 πλείοσι
346 2878 407 2949 τὸυ
437 2879 540 2948 αὐτὸν
563 2881 739 2969 τεθάφθαι
762 2887 912 2969 χωρίοις,
937 2881 1156 2967 ἐνθυμηθέν-

93 3009 120 3052 εε
134 3013 187 3067 τες
210 2985 262 3056 ὅτι
285 2986 404 3056 κοιυόυ
428 2989 520 3056 ἐστιν
543 2989 596 3057 ἐπὶ
619 2991 754 3056 πολλῶν
777 2986 878 3056 τοῦτό
901 3013 939 3073 γε
961 2987 998 3056 τὸ
1023 2985 1157 3073 άπορου

209 3155 223 3202 1
248 3145 289 3208 εἰς
310 3142 429 3233 Ἰταλίαν
457 3147 546 3214 φασίν
573 3148 596 3202 Β
686 3153 703 3201 2
732 3143 890 3236 ἀφροδίτης
916 3146 967 3201 καί
994 3143 1157 3218 άγχίσουΒ

708 3225 759 3342 ε
778 3222 863 3344 αι
876 3217 1159 3346 ιιιιεεα

136 3295 245 3430 ξιίιααῶά
264 3355 298 3415 όν
315 3310 371 3414 gm.
391 3359 413 3411 Ο
498 3364 530 3412 19
555 3354 720 3413 άυέπλασαν
733 3333 843 3450 χάρχειν
861 3363 908 3417 Bb
936 3358 973 3416 άν
991 3355 1091 3431 άρχειν
1109 3360 1160 3413 Ba.

137 3429 174 3484 οἰν
189 3426 223 3484 οὗ
239 3425 413 3497 συνεπήγετο
429 3430 454 3481 Α
472 3429 559 3482 verba.
577 3424 675 3497 ἄρχειν
689 3429 721 3483 δὲ
733 3460 767 3469 -
777 3428 923 3487 αδόυατον
938 3423 974 3500 ήν
988 3432 1043 3486 del.
1054 3430 1161 3486 Reiske

139 3504 174 3552 20
193 3493 243 3560 οὓς
262 3495 383 3567 ἐπήγετο
403 3515 488 3567 supra
506 3499 610 3567 scripta
623 3498 653 3550 in
667 3501 693 3552 A
754 3506 787 3554 22
807 3497 963 3572 ὑπολαβεῖν
977 3519 1000 3557 ο.
1016 3501 1163 3570 Kiessling
