2412 3912
456 223 622 274 -ι-
1007 219 1050 286 τε

51 375 84 445 τά
107 377 140 446 δὲ
162 378 296 468 σύματα
318 379 402 450 αὐτά
426 381 482 448 καλ
504 379 545 450 τά
574 377 646 466 ίερόι
672 378 713 449 τά
735 383 872 472 πατρῷα
894 381 950 448 καλ
972 377 1051 470 χρή-

50 512 124 572 ματα
150 483 256 556 ὁπόσα
278 489 395 576 φέρειν
420 487 560 556 δύναιτο
592 486 838 556 διασώσασθαι.
884 486 988 569 δόξαν
1012 485 1091 554 δέ3

51 590 142 683 αύτῷ,
168 597 290 673 παῖδας
316 594 379 681 μὲν
410 593 465 662 καλ
497 607 659 680 γυναῖκας
685 594 741 662 καλ
768 591 808 662 τὰ
836 591 958 680 γηραιδι
986 591 1050 660 σύ-

50 725 123 784 ματα
149 701 203 768 καλ
235 697 373 781 ὁπόσοις
402 699 518 780 ἄλλοις
546 703 705 789 βραδείας
734 703 803 769 έδει
831 704 942 788 φυγῆς
969 724 1050 784 προ-

50 806 183 887 εξελθεῖν
211 806 337 876 κελεύει
366 811 426 894 τῆς
446 807 576 887 πόλεως
597 805 681 876 κατὰ
702 806 762 888 τὰς
785 808 838 876 ἐπὶ
864 805 928 894 τὴν
951 803 1079 892 Ἴδηνε

50 909 209 994 φερούσας·
225 909 337 998 ὁδούς,
361 914 423 994 ἕως
442 911 568 1000 Ἀχαιολ
590 910 653 1000 τὴν
676 911 785 1001 ἄκραν
808 913 896 982 ἑλεῖν
919 921 1050 1001 προθυ

53 1017 197 1105 μούμενοι
230 1018 374 1101 διώξεως
404 1022 466 1087 τοῦ
499 1021 736 1099 διαπίπτοντος
764 1022 799 1088 ἐκ
830 1023 889 1107 τῆς
921 1017 1051 1098 πόλεως

54 1122 184 1210 πλήθους
208 1123 311 1194 οὐδὲν
334 1129 636 1213 προεμηχανῶντο,
663 1129 724 1195 πού
749 1125 787 1194 δὲ
810 1127 1050 1213 στρατιωτικοῦ

52 1227 80 1297 τό
97 1230 153 1317 μέν
178 1232 233 1300 ἐπλ
257 1236 390 1320 φυλακῇ
413 1236 482 1302 τῶν
502 1231 661 1314 ἐξιόντων
681 1235 804 1315 ἔταξεν,
828 1229 873 1312 ὡς
895 1229 1050 1318 ἀσφαλής

11 1363 78 1412 neve
95 1340 146 1406 καί
169 1337 404 1426 ἀταλαίπωρος
422 1340 544 1408 ἐκτῶν
570 1339 720 1408 ἐνόντων
740 1336 805 1426 <η>
824 1336 916 1425 φυγὴ
935 1335 1050 1419 αὐτοῖς
1064 1367 1091 1408 ιο
1191 1357 1192 1366 ’

45 1443 182 1532 γίνοιτο,
213 1454 326 1533 είρητο
356 1445 394 1514 δὲ
428 1445 560 1526 τούτοις
582 1442 622 1514 τά
649 1444 880 1534 καρτερώτατα
909 1451 1050 1512 καταλα-

44 1553 150 1634 βέσθαι
179 1555 241 1638 τῆς
258 1551 369 1638 Ἴδης*
397 1549 435 1621 τὸ
460 1551 498 1620 δὲ
520 1549 655 1638 λοιπὸν,
684 1548 703 1620 δ
728 1550 770 1639 δὴ
793 1552 972 1641 κράτιστον
996 1541 1050 1636 ἦν,

43 1655 130 1738 αὐτὸς
161 1664 249 1746 ἔχων
281 1655 445 1746 ὑπέμενεν
480 1658 534 1724 έπλ
565 1661 626 1725 τού
658 1663 788 1745 τείχους
823 1658 879 1726 καλ
912 1669 1047 1744 παρεῖχε

43 1777 101 1842 τοῖς
139 1765 408 1852 προεξελθοῦσιν
450 1754 552 1849 ἧττον
590 1762 771 1844 ἐπιπόνους
813 1763 1047 1852 διηρτημένων

41 1876 223 1960 τειχομαχίη
253 1874 321 1938 τῶν
350 1874 520 1957 πολεμίων
552 1867 611 1949 τὰς
642 1869 761 1956 φυγάς.
807 1871 1049 1955 Νεοπτολέμου

43 1974 72 2043 δὲ
97 1975 159 2046 σὺν
189 1990 260 2056 τοῖς
287 1973 370 2063 ἀμφ’
396 1973 501 2044 αὐτὸν
525 1974 702 2062 ἐπιβάντος
725 1977 849 2064 μέρους
876 1972 969 2054 τινὸς
991 1976 1050 2059 τῆς

41 2080 132 2171 ἄκρας
164 2083 221 2151 καλ
253 2079 589 2170 προσβοηθησάντων
622 2079 736 2162 αὐτοῖς
765 2079 906 2168 Ἀχαιῶυ
942 2077 1049 2148 ἁπάν-

41 2215 97 2257 των
122 2194 184 2278 τῆς
212 2189 274 2278 μὲν
302 2188 406 2278 άκρας
435 2193 602 2276 μεθίεται,
631 2185 768 2270 ἀνοίξας
796 2187 834 2256 δὲ
861 2185 920 2267 τὰς
942 2185 1050 2266 πύλας

41 2292 127 2384 ἀπῄει
156 2296 446 2384 συντεταγμένους
470 2299 555 2382 έχων
591 2291 671 2373 τοὺς
707 2292 846 2373 λοιποὺς
882 2291 1049 2380 φυγάδας,

41 2398 197 2491 άγόμενος
219 2403 273 2472 ἐπλ
287 2416 360 2482 ταῖς
380 2406 571 2489 κρατίσταις
594 2404 759 2488 συνωρίσι
781 2399 843 2468 τόν
865 2425 900 2468 τε
923 2399 1049 2482 πατέρα
1064 2421 1094 2462 ιο

42 2510 86 2575 καὶ
111 2507 218 2590 θεοὺς
245 2507 324 2589 τοὺς
350 2507 526 2599 πατρῴους
553 2505 697 2592 γυναίκά
725 2532 760 2574 τε
787 2506 843 2586 καλ
871 2507 970 2574 τέκνα
993 2504 1049 2572 καὶ

42 2619 97 2683 τόν
119 2615 235 2685 ἄλλων
259 2625 293 2683 εί
310 2643 342 2684 τι
365 2619 524 2684 πλείστου
546 2612 643 2695 άξιον
665 2604 709 2699 ἦν
732 2617 827 2700 σῶμα
850 2608 870 2699 ἣ
894 2615 1013 2699 χρῆμα.
1121 2597 1132 2623 ”

1068 1837 1091 1901 4

1064 1925 1194 1984 τε,

97 2742 298 2808 XXXXVII.
331 2737 388 2808 Ἐν
412 2739 450 2807 δὲ
472 2737 580 2828 τούτῳ
607 2735 691 2805 κατὰ
717 2735 839 2825 κράτος
866 2736 1049 2824 εἰλήφεσαν
1122 2735 1138 2780 ⁹

41 2837 153 2932 ’Λφαιολ
175 2844 239 2933 τὴν
261 2845 362 2914 πόλιν
386 2845 442 2915 καὶ
464 2845 540 2933 περὶ
553 2842 613 2924 τὰς
632 2841 783 2931 ἁρπαγάς
806 2841 1052 2923 ἐσπουδακότες

102 3065 118 3113 2
142 3055 218 3122 ὅπως
240 3060 263 3114 Β
354 3057 438 3113 4κοιλ
465 3053 581 3121 ὁπόσοις
609 3053 702 3120 ἄλλοις
728 3057 777 3110 Ab
813 3051 929 3120 ὁπόσοις
956 3053 1053 3120 ἄλλοις

45 3127 82 3182 λε
104 3129 265 3204 ....<καλ>
284 3125 384 3192 ἄλλους
403 3128 446 3192 οίς
464 3131 511 3184 Bb
534 3125 628 3191 ἄλλοις
647 3128 692 3182 Ba
772 3132 789 3182 8
807 3147 880 3196 πρου
901 3130 1052 3198 ηγανύντο

44 3201 130 3254 malim
193 3197 273 3257 9ἐπλ
291 3201 324 3272 τῇ
345 3201 496 3272 φυλακῇΒ
561 3207 594 3256 10
614 3196 631 3268 ἡ
651 3198 714 3254 add.
731 3199 854 3254 Sintenis
892 3199 1052 3254 m.Di0n.I

45 3277 112 3336 p.10
185 3279 217 3329 11
238 3271 395 3342 γένηταιΒ
470 3277 502 3326 18
521 3267 573 3334 τὰς
592 3265 725 3340 φυγάδας
743 3266 833 3332 πύλας
853 3269 889 3338 0,
916 3265 1049 3338 φηγάδας

45 3339 168 3413 Μείοελιε,
187 3344 241 3400 del.
261 3343 373 3398 Urlichs
391 3342 447 3398 Eos
465 3343 478 3395 I
496 3363 525 3414 p.
544 3349 596 3398 324
622 3337 785 3412 φυγαδικὰς
807 3340 922 3410 Madvig
945 3339 1016 3396 Adv.
1036 3339 1051 3392 Ι

45 3420 146 3484 μ’124,
168 3411 301 3485 φυγάδας
319 3413 463 3484 Kiessling
480 3415 544 3484 post
566 3407 682 3475 λοιπούς
700 3412 872 3482 transposuit
944 3415 979 3465 20
999 3404 1050 3464 ἐπ-

48 3480 172 3554 αγόμενος
191 3503 214 3542 ο.
235 3483 324 3541 Cobet
343 3483 408 3540 obs.
427 3504 454 3555 p.
475 3491 510 3539 30
