2408 3928
478 233 644 284 ..p-

60 386 256 476 λευσύμενος
278 386 346 478 ἅμα
368 403 440 470 τοῖς
467 388 632 478 ἀρίστοις,
660 389 775 479 ἐπειδὴ
802 403 874 470 τοῖς
900 393 1069 470 πλείστοις

60 497 146 576 ἔδοξε
174 497 332 583 δέχεσθαι
359 495 418 578 τὰς
444 501 506 567 τού
532 502 745 586 Φουφεττίου
773 496 989 588 προκλήσεις,
1012 522 1068 582 με·

58 606 252 692 ταπέμπεται
278 602 358 686 τούς
383 605 568 695 τριδύμους
595 603 764 694 ἀδελφούς
793 605 849 674 καὶ
872 605 961 692 λέγει
984 602 1069 692 πρὸς

59 708 186 791 αύτούς·
222 710 366 802 ’Ἀνδρες
395 709 559 802 Ὁράτιοι,
599 714 807 800 Φουφέττιος
848 709 866 782 ὁ
905 709 1107 798 ’Λλβανὸςλ

59 821 100 897 είς
120 817 246 906 λόγους
272 819 451 888 συνελθὼν
480 820 555 908 έμοί
581 816 644 907 τήν
670 823 865 888 τελευταίαν
892 819 947 887 έπί
970 837 1095 905 στρα-σ

19 926 199 994 λλιιοπέδου
224 925 375 996 σύνοδον
404 931 468 1015 ἔφη
496 923 576 1006 τοὺς
602 924 956 1013 προκινδυνεύσοντας
983 920 1068 1010 ὑπὲρ

61 1031 206 1119 ἑκατέρας
232 1032 362 1114 πόλεως
388 1047 478 1122 τρεῖς
509 1031 637 1122 ἄνδρας
668 1030 821 1119 ἀγαθούς
851 1027 934 1100 κατὰ
965 1034 1068 1099 θείαν

61 1143 255 1227 γεγενήσθαι
283 1139 466 1228 πρόνοιαν,
499 1130 549 1209 ὧν
582 1137 644 1208 οὐκ
671 1135 714 1207 ἂν
747 1135 905 1229 εὕροιμεν
934 1136 1069 1225 ἑτέρους

65 1244 126 1314 ούτε
156 1249 418 1336 γενναιοτέρους
454 1245 531 1317 οὔτε
566 1247 871 1336 ἐπιτηδειοτέρους,
895 1242 1068 1330 Ἀλβανῶν

66 1351 113 1438 μέν
140 1359 349 1443 Κορατίους,
368 1352 542 1443 Ῥωμαίων
570 1355 609 1424 δὲ
635 1351 735 1442 ὑμᾶς·
776 1351 876 1422 τοῦτό
904 1378 940 1420 τε
968 1376 1066 1420 κατα·
1081 1376 1107 1417 ιο

62 1458 168 1544 μαθδν
198 1459 303 1542 αὐτὸς
330 1463 522 1550 ἐξητακέναι
549 1465 684 1552 πρῶτον
713 1465 745 1530 εί
770 1461 993 1547 βουλομένοις
1015 1467 1067 1544 είη

60 1580 119 1647 τοῖς
148 1564 306 1651 ἀνεψιοῖς
336 1567 433 1656 ὑμῶν
465 1571 643 1638 ἐπιδοῦναι
679 1566 719 1638 τδι
757 1566 894 1656 σοι’ματα
929 1571 970 1656 τή
1007 1591 1069 1636 πα-

59 1677 152 1762 τρίδι,
184 1674 311 1764 μαθδιν
349 1674 387 1743 δέ
423 1671 547 1755 αύτούς
582 1671 854 1763 ἀναδεχομένους
888 1673 950 1743 τὸν
984 1670 1068 1760 ὑπὲρ

59 1776 210 1851 ἁπάντων
233 1778 350 1868 ἀγῶνα
371 1779 455 1851 κατὰ
481 1781 611 1869 πολλὴν
634 1786 832 1870 προθυμίαν
855 1783 997 1871 θαρρῶν
1020 1784 1069 1860 είς

59 1889 152 1972 μέσον
185 1890 343 1977 ἐκφέρειν
374 1887 440 1977 ήδη
476 1887 538 1959 τὸν
570 1888 689 1976 λόγον,
727 1887 825 1976 ἠξίου
856 1913 891 1956 τε
922 1888 979 1956 καλ
1011 1885 1069 1974 έμδ
1083 1911 1109 1954 ιι

59 2008 180 2083 πεῖραν
196 1993 296 2084 ὑμῶν
322 2001 456 2082 λαβείν,
482 1995 627 2086 πότερον
652 1994 864 2083 βουλήσεσθε
886 1997 1068 2080 προκινδυ-

59 2105 167 2171 νεῦσαι
194 2106 256 2190 τής
281 2106 443 2192 πατρίδος
471 2100 574 2191 ὁμόσε
601 2100 813 2191 χφρήσαντες
837 2094 1067 2188 Κορατίοις“ή

59 2223 277 2298 παραχωρεῖτε
302 2212 362 2296 τῆς
388 2212 582 2297 φιλοτιμίας
608 2207 730 2296 ταύτης
756 2208 891 2293 ἑτέροις.
941 2204 1005 2293 ἐγὼ
1031 2204 1109 2274 δδ3

59 2310 167 2402 ἄρετής
196 2314 260 2403 μέν
289 2315 386 2384 ἕνεκα
414 2315 470 2383 καί
502 2318 561 2402 τής
588 2312 670 2383 κατὰ
698 2321 792 2402 χείρα
819 2312 1068 2400 γενναιότητος,

60 2413 95 2503 ήν
123 2419 164 2490 ού
191 2420 440 2490 λανθάνουσαν
468 2425 571 2508 ἔχετε,
599 2419 737 2490 πάντων
763 2419 907 2508 μάλιστα
937 2419 1069 2507 δεξομέ-
1083 2444 1110 2485 εο

59 2551 132 2607 νους
161 2525 251 2616 ὑμᾶς
281 2527 345 2597 τὸν
376 2525 461 2615 ὑπὲρ
488 2530 557 2597 τῶν
584 2525 764 2614 ἀριστείων
792 2530 960 2595 κίνδυνον
988 2525 1070 2615 ἅρα-

60 2633 235 2720 σθαι***,
260 2632 421 2715 δεδοικὼς
448 2631 493 2722 μή
520 2631 558 2702 ιδ
582 2631 666 2721 πρὸς
691 2630 772 2713 τούς
791 2630 976 2720 Ἀλβανοὺς
999 2660 1070 2723 τρι-

61 2737 180 2826 δύμους
217 2739 379 2828 συγγενές
414 2739 578 2828 ἐμπόδιον
614 2736 696 2827 ὑμίν
728 2739 866 2827 γένηται
900 2743 960 2828 τής
988 2765 1070 2831 προ-

122 2959 138 3008 5
157 2950 307 3040 σηνείίθὼν
324 2955 348 3010 Β
367 2949 462 3010 ἐλθὼν
475 2954 501 3008 Β
573 2959 589 3008 6
609 2949 945 3082 προκινδυνεύσῖο>ντας
961 2956 984 3010 Β
1002 2973 1071 3082 πηο-

61 3026 295 3088 κινδυνενσαντας
316 3025 342 3079 Α
421 3031 454 3079 11
480 3026 525 3093 εἴη
548 3024 571 3078 Β
596 3021 697 3079 ἔστιΒ
769 3031 803 3080 16
838 3025 999 3096 κφέρεινΒ
1041 3045 1071 3080 κ-

62 3092 134 3164 φέρει
151 3097 177 3151 R
192 3099 197 3169 Ι
213 3094 305 3169 καμέθ
365 3104 399 3153 16
418 3091 593 3168 βουλήσεσθε
611 3096 635 3149 Β
659 3093 832 3169 βουλεύεσθε
850 3100 877 3152 Α
934 3099 1073 3180 λβρδεξα-

940 3182 955 3210 v

63 3217 155 3342 μένους
173 3223 196 3276 Β
215 3215 326 3292 μάλιστ’
346 3214 385 3276 διν
396 3216 559 3306 ἱδιζήμενος
578 3237 602 3304 ⁰:
620 3219 763 3304 Kipsslipg
834 3227 868 3277 21
893 3181 1001 3284 αύτύύδ
1018 3223 1041 3276 Β
1063 3223 1067 3294 λ

88 3307 182 3347 cunam
200 3295 268 3348 ante
286 3294 423 3353 δεδοικως
442 3293 612 3362 mgnfficamt
630 3292 782 3364 Klesshng,
800 3290 922 3363 μάλιστα
945 3287 1071 3374 <ήδειν>

65 3387 92 3399 -
105 3360 238 3427 δεδοικὼς
255 3361 356 3438 <δὲ>ο
367 3363 457 3419 Cobet
470 3361 535 3419 Obs.
550 3381 579 3432 p.
594 3369 636 3419 63.
655 3363 717 3434 Ego
735 3366 800 3433 pont
818 3363 937 3418 lacunae
957 3381 1071 3434 mgnum

65 3428 179 3502 distinxi,
202 3451 268 3490 oum
289 3434 473 3521 passcipium
499 3450 523 3489 ε.
542 3449 569 3519 η.
594 3429 724 3502 ἐγνωκώς
749 3432 885 3489 exoidisse
904 3451 1070 3504 persuasum

66 3498 173 3560 habeam
246 3511 279 3561 λλ
299 3504 359 3577 (μη
378 3506 431 3579 το)
450 3508 472 3560 Β
489 3507 493 3574 Ι
509 3524 576 3593 τους
593 3521 647 3560 om.
667 3504 689 3558 B
