2396 3918
458 212 623 266 -B-
983 211 1048 278 189

35 365 162 454 φαρρὸς
184 365 288 455 εἶχεν,
316 373 365 450 είς
391 370 585 458 σύνδεσμον
613 369 647 438 δ’
673 369 858 458 ἀναγκαῖον
886 371 1047 460 οίκειότη-
1134 375 1151 426 ί

34 500 86 553 τος
108 479 229 564 έφερεν
252 475 449 562 ἀδιαλύτου,
471 477 528 544 καί
550 475 589 547 τὸ
613 480 793 566 διαιρῆσον
816 474 895 558 τούς
917 477 1047 565 γάμους
1133 511 1145 522 b

34 577 171 662 τούτους
199 580 303 651 ούδὲν
329 574 382 670 ἦν.
429 574 528 664 οὗτος
556 581 575 653 ὁ
602 584 709 672 νόμος
735 584 795 665 τάς
821 611 856 656 τε
884 589 1089 671 γυναίκας4

35 685 198 774 ἠνάγκασε
234 686 294 769 τάς
330 688 490 777 γαμετάς,
528 683 583 758 οἷα
621 688 663 778 δη
701 693 869 780 μηδεμίαν
906 690 1047 778 ἐχούσας

36 793 145 882 ἑτέραν
172 793 411 884 ἀποστροφήν,
438 794 524 887 πρὸς
550 799 610 866 ἕνα
639 796 700 868 τὸν
731 802 793 868 τοῦ
820 797 1046 885 γεγαμηκότος
1072 826 1087 868 ε
1187 827 1192 842 ·

36 903 87 986 ζῆν
113 902 260 991 τρόπον,
291 904 348 972 καί
375 901 456 986 τούς
482 903 611 995 ἀνδρας
639 901 684 986 ὡς
710 903 898 994 ἀναγκαίου
924 930 959 972 τε
988 905 1046 973 καί

36 1004 261 1098 ἀναφαιρέτου
296 1011 462 1099 κτήματος
498 1016 557 1098 τῆς
589 1010 751 1098 γυναικὸς
781 1024 926 1100 κρατεῖν.
981 1011 1087 1082 σω-5

37 1121 206 1203 φρονοῦσα
230 1116 293 1205 μδν
317 1109 381 1187 οὖν
408 1117 465 1186 καί
491 1116 602 1186 πάντα
628 1122 674 1211 τῷ
703 1116 905 1206 γεγαμηκότι
927 1127 1045 1188 πειθο-

39 1223 108 1308 μένη
137 1223 228 1311 γυνὴ
258 1230 360 1313 κυρία
386 1228 448 1293 τοῦ
482 1233 579 1294 οίκου
610 1223 670 1294 τὸν
698 1223 804 1294 αύτδν
832 1223 960 1313 τρόπον
989 1216 1045 1312 ἦν,

38 1324 128 1417 όνπερ
152 1331 211 1398 καί
236 1327 254 1398 ὁ
278 1329 382 1419 ἀνὴρ,
409 1331 466 1400 καί
487 1330 748 1420 τελευτήσαντος
774 1329 902 1420 ἀνδρὸς
924 1339 1044 1418 κίηρο-
1059 1356 1086 1398 ιο

36 1432 130 1520 νόμος
154 1438 284 1522 ἐγίνετο
307 1440 377 1506 τῶν
399 1437 595 1526 χρήματων,
619 1435 664 1518 δις
681 1437 836 1528 θυγάτηρ
860 1437 996 1524 πατρός,
1015 1441 1047 1506 εί

4 1539 92 1625 υομέν
113 1541 217 1622 ἀπαις
234 1570 270 1612 τε
292 1544 348 1611 καί
367 1544 474 1631 μηδὲν
494 1547 698 1633 διαθέμενος
715 1543 888 1614 ἀποθάνοι
906 1543 1044 1612 πάντων

35 1639 110 1716 οὖσα
138 1654 241 1748 κυρία
267 1653 337 1718 τῶν
365 1646 659 1738 ἀπολειφθέντων,
693 1657 725 1720 εί
754 1650 791 1720 δὲ
823 1649 944 1738 γενεὰν
974 1655 1044 1738 ἔχοι

34 1770 95 1835 τοῖς
118 1757 237 1825 παισὶν
266 1756 440 1845 ἰσόμοιρος
469 1761 639 1846 γινομένη.
685 1756 924 1847 ἁμαρτάνουσα
942 1759 992 1826 ’δέ
1011 1783 1044 1825 τι
1063 1755 1085 1820 6

35 1861 190 1950 δικαστὴν
213 1862 274 1932 τὸν
292 1861 520 1951 ἀδικούμενον
539 1865 704 1952 ἐλάμβανε
722 1865 778 1933 καὶ
796 1869 858 1933 τού
877 1865 1044 1952 μεγέθους
1058 1888 1085 1929 15

35 1971 84 2054 της
105 1975 267 2057 τιμωρίας
284 1969 414 2058 κύριον.
455 1973 560 2038 ταῦτα
579 1969 617 2038 δὲ
637 1973 672 2039 οί
688 1984 861 2058 συγγενεῖς
883 1967 964 2056 μετδι
982 1973 1044 2040 τοῦ

36 2073 153 2162 ἀνδρὸς
181 2078 347 2159 ἐδίκαζον·
382 2078 419 2146 ἐν
449 2070 499 2156 οίς
526 2067 570 2164 ἦν
599 2075 716 2164 φθορὰ
744 2076 995 2164 σάματοςκαί,
1023 2074 1043 2144 ό

35 2181 163 2251 πάντων
191 2183 367 2273 ἐλάχιστον
395 2181 642 2270 ἁμαρτημάτων
665 2185 804 2270 Ἕλλησι
837 2182 968 2264 δόξειεν
999 2178 1044 2250 ἀν

36 2283 199 2376 ὑπάρχειν,
215 2299 249 2358 εί
258 2317 309 2370 τις
323 2288 421 2359 οίνον
436 2287 593 2380 εὑρεθείη
608 2293 731 2358 πιοῦσα
744 2288 843 2376 γυνή.
871 2287 1043 2376 ἀμφότερα

37 2393 91 2482 γὰρ
111 2399 217 2464 ταῦτα
238 2396 380 2488 θανάτῳ
405 2400 544 2484 ζημιοῦν
568 2396 802 2485 συνεχώρησεν
827 2393 845 2464 ὁ
863 2393 1042 2482 Ῥωμύλος,
1056 2417 1084 2458 20

38 2497 75 2580 δς
100 2499 345 2590 ἁμαρτημάτων
376 2509 579 2590 γυναικείων
613 2512 780 2591 αἴσχιστα,
816 2500 956 2590 φθορὰν
981 2500 1043 2589 μὲν

38 2603 188 2689 ἀπονοίας
206 2607 315 2699 ἀρχὴν
333 2613 484 2697 νομίσας,
503 2611 613 2697 μέθην
633 2610 671 2678 δὲ
690 2612 834 2699 φθοράς.
870 2609 926 2677 καί
945 2611 1041 2696 μέχρι
1061 2604 1080 2669 7

39 2719 153 2784 πολλοῦ
186 2717 331 2801 διέμεινε
362 2715 491 2803 χρόνον
521 2713 614 2785 ταῦτ’
641 2712 814 2802 ἀμφότερα
847 2713 937 2802 παρὰ
962 2713 1041 2784 Ῥω-

41 2827 136 2904 μαίοις
153 2818 383 2909 ἀπαραιτήτου
401 2822 612 2908 τυγχάνοντα
631 2820 742 2911 ὀργῆς.
780 2818 907 2909 μάρτυς
926 2821 964 2890 δὲ
980 2825 1042 2889 τού

42 2930 133 3006 καλῶς
155 2932 245 3013 ἔχειν
268 2925 329 2996 τὸν
356 2928 432 3015 περὶ
458 2931 527 2996 τάν
554 2930 728 3013 γυναικῶν
756 2925 865 3013 νόμον
894 2923 911 2997 ὁ
936 2926 1041 3008 πολὺς
1054 2947 1083 2990 2⁵

44 3031 154 3116 χρόνος.
201 3030 415 3120 ὁμολογεῖται
438 3031 503 3121 γὰρ
526 3030 622 3112 ἐντὸς
650 3033 733 3101 ἐτεόν
757 3040 863 3101 είκοσι
885 3034 942 3102 καί
964 3059 1041 3103 πεν-

65 3327 69 3344 ,
100 3260 303 3334 1φάρροςΑΒ
336 3257 567 3349 ι1οἀνπερδΒ
622 3270 655 3318 11
677 3257 791 3347 ἐγένετο
804 3263 850 3317 Ba
884 3267 939 3352 ,14
952 3258 1043 3353 ἀμαρ-

46 3351 148 3391 τανοοοα
171 3355 202 3390 τε
226 3337 406 3405 δικαστηνΒ
480 3341 512 3389 17
533 3330 564 3390 έν
588 3333 631 3396 οἷς
653 3353 751 3403 πρωτα
774 3333 830 3403 (vel
856 3336 983 3404 μεγιοτα)
1002 3355 1039 3404 ην

47 3405 173 3534 QZ
202 3413 253 3533 Αίὲ
270 3407 399 3478 αἴσχιστα
414 3403 878 3476 GrasbergerTess.Herbip.p.13
899 3401 1002 3476 ἔσχατα
1017 3405 1042 3462 Ο
