2412 3912
464 217 630 270 -A-
1014 215 1059 282 63

61 373 92 446 τδ
124 375 290 463 σπήλαιον.
339 371 481 464 ἁγνίσας
518 375 556 444 δὲ
591 379 638 469 τῷ
674 379 811 469 ποταμῷ
848 374 909 447 τὸν
946 375 1058 464 φόνον

63 481 193 570 ἱδρύεται
221 485 366 570 πλησίον
398 485 461 552 τού
488 482 596 552 τόπου
619 481 706 564 Διὸς
728 480 897 572 Εύρεσὶον
928 482 1059 572 βωμόν,

63 586 93 670 ός
119 592 181 658 ἐστι
210 593 270 676 τῆς
297 587 424 677 Ῥώμης
457 589 547 679 παρὰ
584 593 626 679 τῇ
662 589 819 682 Τριδύμφ
855 590 963 678 πύλη,
1000 587 1058 657 καὶ

62 695 127 764 θύει
151 699 195 790 τῷ
223 699 295 789 θεῷ
327 696 473 784 δάμαλιν
504 698 563 766 ἕνα
592 700 651 784 τῆς
680 693 842 787 εὑρέσεως
868 701 937 766 τῶν
964 699 1057 782 βοῶν

61 801 267 891 χαριστήριον.
312 803 438 890 ταύτην
467 808 515 872 ἔτι
542 805 599 872 καὶ
627 808 675 884 είς
701 802 758 892 ἐμὲ
783 804 846 893 τὴν
878 808 1006 873 θυσίαν
1034 799 1086 888 ἡσ

58 906 208 996 Ῥωμαίων
222 908 320 990 πόλις
340 911 521 998 συνετέλει,
544 915 702 998 νομίμοις
710 909 917 998 Ἑλληνικοῖς
932 907 1057 978 άπασιν

22 1018 97 1083 ιοιέν
117 1013 191 1106 αὐτῇ
214 1019 381 1105 χρωμένη,
404 1017 557 1108 καθάπερ
581 1021 709 1097 ἐκεῖνος
730 1017 962 1106 κατεστήσατο.

132 1125 262 1192 XXXX.
301 1127 345 1194 Οἱ
367 1123 405 1192 δὲ
425 1122 632 1214 Ἀβοριγῖνες
658 1125 714 1193 καὶ
741 1128 809 1194 τῶν
830 1122 1001 1212 Ἀρκάδων
1026 1123 1061 1189 οἱ

62 1226 91 1298 τό
112 1230 323 1300 Παλλάντιον
350 1235 601 1316 κατοικοῦντες,
630 1227 675 1310 οἱς
701 1233 762 1298 τού
788 1256 824 1300 τε
851 1229 970 1300 Κάκον
996 1226 1058 1296 τόν

59 1334 192 1405 θάνατον
226 1342 379 1424 ἔγνωσαν
411 1339 467 1406 καὶ
497 1335 558 1406 τὸν
583 1335 747 1426 Ἡρακλέα
772 1335 889 1423 ἐὶδον,
920 1341 965 1431 τῷ
994 1334 1057 1424 μὲν
1072 1352 1099 1394 1⁰

58 1439 267 1533 ἀπεχθόμενοι
296 1444 353 1512 διὰ
380 1442 439 1527 τὰς
466 1444 631 1534 ἁρπαγάς,
659 1449 720 1514 τού
749 1443 787 1512 δδ
809 1443 871 1532 τὴν
902 1442 983 1526 όψιν
1007 1444 1058 1511 έκ-

56 1550 269 1639 παγλούμενοι
296 1551 396 1620 θεῖόν
422 1579 455 1620 τι
482 1555 592 1640 χρῆμα
620 1549 781 1638 ἐνόμισαν
806 1547 891 1637 ὁρᾶν
919 1551 1058 1618 καὶτοῦ

56 1661 165 1742 ληστοῦ
192 1658 277 1744 μέγα
305 1655 473 1746 εὐτύχημα
500 1656 563 1744 τὴν
590 1654 763 1744 ἀποβολὴν
792 1657 979 1726 ἐποιοῦντο.
1025 1656 1061 1722 οἱ

56 1761 87 1830 δὲ
113 1765 249 1850 πένητες
280 1762 392 1833 αὐτῶν
424 1762 570 1844 κλάδους
607 1762 813 1852 δρεψάμενοι
849 1763 999 1852 δάφνης,
1035 1757 1057 1847 ἣ

54 1869 147 1958 πολλὴ
170 1870 247 1958 περὶ
270 1868 330 1940 τὸν
353 1870 459 1940 τόπον
483 1868 622 1957 ἐφύετο,
646 1868 777 1939 ἐκεῖνόν
798 1897 835 1938 τε
857 1872 912 1939 καί
936 1866 1058 1948 αὑτοὺς
1071 1881 1097 1924 1⁶

54 1972 244 2067 ἀνέστεφον,
267 1969 352 2064 ἧκον
377 1977 415 2046 δὲ
439 1980 474 2046 οἱ
494 1983 643 2064 βασιλεῖς
670 1974 782 2046 αὐτῶν
805 1977 858 2046 έπὶ
881 1978 974 2058 ξένια
996 1973 1058 2044 τὸν
1191 2055 1192 2062 χ

13 2151 16 2166 ‚
49 2079 200 2171 Ἡρακλέα
223 2088 412 2164 καλοῦντες.
441 2081 486 2164 ὡς
510 2083 547 2152 δὲ
570 2085 626 2152 καὶ
649 2081 799 2171 τοῦνομα
820 2084 876 2152 καὶ
899 2082 936 2152 τὸ
959 2084 1059 2170 γένος
1191 2147 1192 2154 ,

53 2188 146 2260 αύτοῦ
168 2192 225 2260 καὶ
247 2188 307 2272 τάς
328 2191 463 2280 πράξεις
486 2190 670 2273 διεξιόντος
693 2193 834 2278 ἔμαθον,
858 2191 1057 2277 ἐνεχείριζον

52 2295 132 2391 αύτῷ
154 2297 217 2386 τήν
240 2325 276 2368 τε
299 2297 413 2387 χώραν
435 2299 491 2367 καί
515 2302 604 2386 σφᾶς
626 2295 749 2376 αύτούς
771 2297 824 2365 έπὶ
847 2301 952 2384 φιλίᾳ.
989 2291 1098 2360 ΕΜ
1191 2287 1192 2296 ’

52 2409 167 2495 ανδρος
194 2405 233 2474 δὲ
254 2411 456 2493 παλαίτερον
480 2409 528 2474 ἔτι
550 2408 608 2491 τῆς
630 2405 775 2491 (θέμιδος
801 2400 950 2489 άκηιιοοδς
973 2401 1058 2480 διεξ-
1072 2414 1099 2464 ²0

53 2511 174 2600 εούσης,
205 2509 258 2580 ὅτι
280 2513 500 2601 πεπρωμένον
524 2520 575 2598 εἱη
598 2509 659 2580 τὸν
681 2511 716 2578 έκ
737 2507 822 2590 Διὸς
845 2509 900 2578 καί
921 2505 1058 2593 Ἀλκμή-

52 2645 104 2705 νης
138 2619 326 2707 γενόμενον
358 2615 522 2707 Ἡρακλέα
563 2622 786 2705 διαμείψαντα
821 2615 883 2703 τὴν
923 2611 1058 2701 θνητὴν

52 2725 147 2810 φύσιν
171 2724 348 2794 άθάνατον
371 2725 533 2811 γενέσθαι
556 2721 602 2791 δι’
626 2721 760 2813 ἀρετήν,
783 2721 897 2809 ἐπειδὴ
920 2720 1058 2809 τάχιστα

16 2829 140 2914 λειόστις
174 2824 218 2921 ἦν
247 2832 403 2917 ἐπύθετο,
430 2829 563 2918 φθάσαι
590 2829 799 2919 βουλόμενος
820 2827 970 2910 ἅπαντας
999 2826 1057 2896 άν-

51 2941 203 3029 θρεόπους
230 2938 394 3029 Ἡρακλέα
424 2942 519 3008 θεῶν
549 2952 661 3026 τιμαὶς
687 2940 818 3026 πρῶτος
847 2935 1058 3023 ἱλασάμενος,
1073 2946 1099 2989 2⁶

51 3046 158 3135 βωμὸν
187 3044 408 3134 αὐτοσχέδιον
431 3043 497 3114 ὑπὸ
525 3047 677 3132 σπουδῆς
700 3043 851 3133 ἱδρύεται
872 3044 929 3112 καὶ
953 3041 1058 3130 δάμα-

52 3160 98 3221 λιν
121 3152 226 3241 άζυγα
247 3151 328 3222 θύει
350 3149 434 3240 πρὸς
457 3149 561 3243 αύτῷ,
584 3149 622 3220 τὸ
645 3151 820 3238 θέσφατον
844 3147 1058 3238 ἀφηγησάμε-

52 3285 103 3340 νος
129 3258 288 3348 Ἡρακλεῑ
320 3258 377 3326 καί
409 3258 545 3345 δεηθεὶς
576 3261 644 3327 τῶν
682 3260 783 3343 ἱεράν
819 3257 1059 3345 κατάρξασθαι.

13 3477 15 3536 χ
55 3428 147 3546 21”15
178 3415 283 3482 αύτούς
310 3420 364 3546 A?
413 3424 480 3544 Ml?
508 3413 555 3474 ἐπὶ
583 3417 664 3484 ξένια
693 3418 814 3488 sylburg
852 3411 899 3473 ἐπὶ
926 3391 1005 3482 ξενία
1035 3413 1058 3470 Ο

13 3537 15 3582 ,
98 3512 140 3548 οτι
158 3511 189 3547 τε
208 3509 328 3562 πετρωμ
344 3510 395 3546 νου
