<?xml version="1.0" encoding="UTF-8"?>
<!DOCTYPE html PUBLIC "-//W3C//DTD XHTML 1.0 Transitional//EN"
    "http://www.w3.org/TR/xhtml1/DTD/xhtml1-transitional.dtd">
<html xmlns="http://www.w3.org/1999/xhtml" xml:lang="en" lang="en">
 <head>
  <title>
</title>
<meta http-equiv="Content-Type" content="text/html;charset=utf-8" />
  <meta name='ocr-system' content='tesseract 3.04.00' />
  <meta name='ocr-capabilities' content='ocr_page ocr_carea ocr_par ocr_line ocrx_word'/>
</head>
<body>
  <div class='ocr_page' id='page_1' title='image "./antiquitatumrom00jacogoog_0070.png"; bbox 0 0 2412 3912; ppageno 0'>
   <div class='ocr_carea' id='block_1_1' title="bbox 138 187 732 253">
    <p class='ocr_par' dir='ltr' id='par_1_1' title="bbox 138 187 732 253">
     <span class='ocr_line' id='line_1_1' title="bbox 138 187 732 253; baseline -0.005 0"><span class='ocrx_word' id='word_1_1' title='bbox 138 187 181 253; x_wconf 81' lang='lat'><strong><em>56</em></strong></span> <span class='ocrx_word' id='word_1_2' title='bbox 565 189 732 242; x_wconf 84' lang='lat' dir='ltr'><strong><em>-A-</em></strong></span> 
     </span>
    </p>
   </div>
   <div class='ocr_carea' id='block_1_2' title="bbox 99 343 1195 1182">
    <p class='ocr_par' dir='ltr' id='par_1_2' title="bbox 99 343 1195 1182">
     <span class='ocr_line' id='line_1_2' title="bbox 99 343 1195 434; baseline -0.006 -17"><span class='ocrx_word' id='word_1_3' title='bbox 99 350 250 417; x_wconf 83' lang='grc' dir='ltr'><strong><em>3πᾶσαν</em></strong></span> <span class='ocrx_word' id='word_1_4' title='bbox 274 345 359 434; x_wconf 83' lang='grc' dir='ltr'><strong><em>ὅσην</em></strong></span> <span class='ocrx_word' id='word_1_5' title='bbox 383 345 401 416; x_wconf 88' lang='grc' dir='ltr'>ὁ</span> <span class='ocrx_word' id='word_1_6' title='bbox 427 346 569 434; x_wconf 88' lang='grc' dir='ltr'><strong><em>δάμαλις</em></strong></span> <span class='ocrx_word' id='word_1_7' title='bbox 591 350 734 434; x_wconf 81' lang='grc' dir='ltr'><strong><em>διηλθεν</em></strong></span> <span class='ocrx_word' id='word_1_8' title='bbox 760 343 974 414; x_wconf 79' lang='grc' dir='ltr'><strong><em>Οὐιτουλίαν.</em></strong></span> <span class='ocrx_word' id='word_1_9' title='bbox 1018 368 1137 432; x_wconf 83' lang='grc' dir='ltr'><strong><em>μεταπε-</em></strong></span> <span class='ocrx_word' id='word_1_10' title='bbox 1194 369 1195 378; x_wconf 66' lang='grc'>’</span> 
     </span>
     <span class='ocr_line' id='line_1_3' title="bbox 140 451 1137 543; baseline -0.003 -21"><span class='ocrx_word' id='word_1_11' title='bbox 140 469 212 522; x_wconf 82' lang='grc' dir='ltr'><strong><em>σεῑν</em></strong></span> <span class='ocrx_word' id='word_1_12' title='bbox 237 453 274 522; x_wconf 73' lang='grc' dir='ltr'><strong><em>δὲ</em></strong></span> <span class='ocrx_word' id='word_1_13' title='bbox 297 453 362 522; x_wconf 85' lang='grc' dir='ltr'><strong><em>άνὰ</em></strong></span> <span class='ocrx_word' id='word_1_14' title='bbox 385 453 511 543; x_wconf 86' lang='grc' dir='ltr'><strong><em>χρόνον</em></strong></span> <span class='ocrx_word' id='word_1_15' title='bbox 534 452 596 540; x_wconf 81' lang='grc' dir='ltr'><strong><em>τὴν</em></strong></span> <span class='ocrx_word' id='word_1_16' title='bbox 622 452 809 541; x_wconf 85' lang='grc' dir='ltr'><strong><em>ὀνομασίαν</em></strong></span> <span class='ocrx_word' id='word_1_17' title='bbox 833 458 881 533; x_wconf 91' lang='grc' dir='ltr'><strong><em>είς</em></strong></span> <span class='ocrx_word' id='word_1_18' title='bbox 902 451 941 521; x_wconf 89' lang='grc' dir='ltr'><strong><em>τὸ</em></strong></span> <span class='ocrx_word' id='word_1_19' title='bbox 956 456 1020 520; x_wconf 81' lang='grc' dir='ltr'><strong><em>νῦν</em></strong></span> <span class='ocrx_word' id='word_1_20' title='bbox 1043 455 1137 538; x_wconf 76' lang='grc' dir='ltr'><strong><em>σχῆμα</em></strong></span> 
     </span>
     <span class='ocr_line' id='line_1_4' title="bbox 140 556 1137 649; baseline -0.004 -21"><span class='ocrx_word' id='word_1_21' title='bbox 140 559 242 629; x_wconf 75' lang='grc' dir='ltr'><strong><em>οὐδὲν</em></strong></span> <span class='ocrx_word' id='word_1_22' title='bbox 275 561 493 649; x_wconf 89' lang='grc' dir='ltr'><strong><em>θαυμαστόν,</em></strong></span> <span class='ocrx_word' id='word_1_23' title='bbox 527 561 598 628; x_wconf 78' lang='grc' dir='ltr'><strong><em>ἐπεὶ</em></strong></span> <span class='ocrx_word' id='word_1_24' title='bbox 630 561 685 627; x_wconf 82' lang='grc' dir='ltr'><strong><em>καί</em></strong></span> <span class='ocrx_word' id='word_1_25' title='bbox 717 563 785 628; x_wconf 78' lang='grc' dir='ltr'><strong><em>τῶν</em></strong></span> <span class='ocrx_word' id='word_1_26' title='bbox 811 556 1017 645; x_wconf 75' lang='grc' dir='ltr'><strong><em>Ἑλληνικῶν</em></strong></span> <span class='ocrx_word' id='word_1_27' title='bbox 1047 557 1137 625; x_wconf 83' lang='grc' dir='ltr'><strong><em>πολλὰ</em></strong></span> 
     </span>
     <span class='ocr_line' id='line_1_5' title="bbox 138 656 1191 757; baseline -0.006 -21"><span class='ocrx_word' id='word_1_28' title='bbox 138 667 176 736; x_wconf 88' lang='grc' dir='ltr'><strong><em>τὸ</em></strong></span> <span class='ocrx_word' id='word_1_29' title='bbox 204 667 438 757; x_wconf 82' lang='grc' dir='ltr'><strong><em>παραπλήσιον</em></strong></span> <span class='ocrx_word' id='word_1_30' title='bbox 466 669 638 735; x_wconf 75' lang='grc' dir='ltr'><strong><em>πέπονθεν</em></strong></span> <span class='ocrx_word' id='word_1_31' title='bbox 668 664 855 752; x_wconf 80' lang='grc' dir='ltr'><strong><em>ὀνομάτων.</em></strong></span> <span class='ocrx_word' id='word_1_32' title='bbox 900 665 987 753; x_wconf 79' lang='grc' dir='ltr'><strong><em>πλὴν</em></strong></span> <span class='ocrx_word' id='word_1_33' title='bbox 1017 674 1078 734; x_wconf 88' lang='grc' dir='ltr'><strong><em>είτε</em></strong></span> <span class='ocrx_word' id='word_1_34' title='bbox 1105 660 1139 741; x_wconf 73' lang='grc' dir='ltr'><strong><em>ὡς</em></strong></span> <span class='ocrx_word' id='word_1_35' title='bbox 1190 656 1191 659; x_wconf 30' lang='grc'><strong>“</strong></span> 
     </span>
     <span class='ocr_line' id='line_1_6' title="bbox 113 765 1190 862; baseline -0.008 -19"><span class='ocrx_word' id='word_1_36' title='bbox 113 772 305 862; x_wconf 78' lang='grc' dir='ltr'><strong><em>τἈντίοχός</em></strong></span> <span class='ocrx_word' id='word_1_37' title='bbox 328 793 433 862; x_wconf 88' lang='grc' dir='ltr'><strong><em>φησιν</em></strong></span> <span class='ocrx_word' id='word_1_38' title='bbox 457 771 507 841; x_wconf 78' lang='grc' dir='ltr'><strong><em>ἐπ’</em></strong></span> <span class='ocrx_word' id='word_1_39' title='bbox 533 770 660 862; x_wconf 80' lang='grc' dir='ltr'><strong><em>ἀνδρὸς</em></strong></span> <span class='ocrx_word' id='word_1_40' title='bbox 687 769 868 860; x_wconf 77' lang='grc' dir='ltr'><strong><em>ἡγεμόνος,</em></strong></span> <span class='ocrx_word' id='word_1_41' title='bbox 892 769 975 860; x_wconf 81' lang='grc' dir='ltr'><strong><em>ὅπερ</em></strong></span> <span class='ocrx_word' id='word_1_42' title='bbox 999 781 1076 850; x_wconf 82' lang='grc' dir='ltr'><strong><em>ι’σως</em></strong></span> <span class='ocrx_word' id='word_1_43' title='bbox 1095 767 1141 835; x_wconf 82' lang='grc' dir='ltr'><strong><em>καί</em></strong></span> <span class='ocrx_word' id='word_1_44' title='bbox 1189 765 1190 771; x_wconf 54' lang='lat'><em>&#39;</em></span> 
     </span>
     <span class='ocr_line' id='line_1_7' title="bbox 139 877 1141 968; baseline -0.008 -19"><span class='ocrx_word' id='word_1_45' title='bbox 139 879 376 968; x_wconf 77' lang='grc' dir='ltr'><strong><em>πιθανώτερόν</em></strong></span> <span class='ocrx_word' id='word_1_46' title='bbox 400 882 502 965; x_wconf 81' lang='grc' dir='ltr'><strong><em>ἐστιν,</em></strong></span> <span class='ocrx_word' id='word_1_47' title='bbox 526 878 589 947; x_wconf 84' lang='grc' dir='ltr'><strong><em>είθ’</em></strong></span> <span class='ocrx_word' id='word_1_48' title='bbox 617 877 661 960; x_wconf 83' lang='grc' dir='ltr'><strong><em>άς</em></strong></span> <span class='ocrx_word' id='word_1_49' title='bbox 679 877 874 958; x_wconf 79' lang='grc' dir='ltr'><strong><em>Ἑλλάνικος</em></strong></span> <span class='ocrx_word' id='word_1_50' title='bbox 898 888 1002 948; x_wconf 90' lang='grc' dir='ltr'><strong><em>οίεται</em></strong></span> <span class='ocrx_word' id='word_1_51' title='bbox 1026 877 1076 946; x_wconf 80' lang='grc' dir='ltr'><strong><em>ἐπὶ</em></strong></span> <span class='ocrx_word' id='word_1_52' title='bbox 1092 877 1141 943; x_wconf 83' lang='grc' dir='ltr'><strong><em>τοῦ</em></strong></span> 
     </span>
     <span class='ocr_line' id='line_1_8' title="bbox 139 982 1142 1077; baseline -0.008 -21"><span class='ocrx_word' id='word_1_53' title='bbox 139 987 267 1077; x_wconf 82' lang='grc' dir='ltr'><strong><em>ταύρου</em></strong></span> <span class='ocrx_word' id='word_1_54' title='bbox 299 985 361 1073; x_wconf 83' lang='grc' dir='ltr'><strong><em>τὴν</em></strong></span> <span class='ocrx_word' id='word_1_55' title='bbox 394 984 581 1072; x_wconf 84' lang='grc' dir='ltr'><strong><em>ὀνομασίαν</em></strong></span> <span class='ocrx_word' id='word_1_56' title='bbox 614 985 741 1072; x_wconf 89' lang='grc' dir='ltr'><strong><em>ταύτην</em></strong></span> <span class='ocrx_word' id='word_1_57' title='bbox 774 990 885 1072; x_wconf 78' lang='grc' dir='ltr'><strong><em>ἔσχεν,</em></strong></span> <span class='ocrx_word' id='word_1_58' title='bbox 917 985 1025 1054; x_wconf 78' lang='grc' dir='ltr'><strong><em>ἐκεῖνό</em></strong></span> <span class='ocrx_word' id='word_1_59' title='bbox 1054 1009 1088 1070; x_wconf 88' lang='grc' dir='ltr'><strong><em>γε</em></strong></span> <span class='ocrx_word' id='word_1_60' title='bbox 1116 982 1142 1061; x_wconf 80' lang='grc' dir='ltr'><strong><em>ἐξ</em></strong></span> 
     </span>
     <span class='ocr_line' id='line_1_9' title="bbox 141 1081 1143 1182; baseline -0.005 -21"><span class='ocrx_word' id='word_1_61' title='bbox 141 1092 269 1181; x_wconf 81' lang='grc' dir='ltr'><strong><em>ἀμφοῖν</em></strong></span> <span class='ocrx_word' id='word_1_62' title='bbox 303 1096 425 1179; x_wconf 83' lang='grc' dir='ltr'><strong><em>δῆλον,</em></strong></span> <span class='ocrx_word' id='word_1_63' title='bbox 458 1090 511 1160; x_wconf 84' lang='grc' dir='ltr'><strong><em>ὅτι</em></strong></span> <span class='ocrx_word' id='word_1_64' title='bbox 542 1091 625 1160; x_wconf 83' lang='grc' dir='ltr'><strong><em>κατά</em></strong></span> <span class='ocrx_word' id='word_1_65' title='bbox 656 1090 718 1179; x_wconf 82' lang='grc' dir='ltr'><strong><em>την</em></strong></span> <span class='ocrx_word' id='word_1_66' title='bbox 743 1089 948 1182; x_wconf 77' lang='grc' dir='ltr'><strong><em>Ἡρακλέους</em></strong></span> <span class='ocrx_word' id='word_1_67' title='bbox 974 1081 1143 1179; x_wconf 74' lang='grc' dir='ltr'><strong><em>ἡλικίανό</em></strong></span> 
     </span>
    </p>
   </div>
   <div class='ocr_carea' id='block_1_3' title="bbox 103 1194 1195 1925">
    <p class='ocr_par' dir='ltr' id='par_1_3' title="bbox 103 1194 1195 1394">
     <span class='ocr_line' id='line_1_10' title="bbox 142 1194 1144 1292; baseline -0.008 -24"><span class='ocrx_word' id='word_1_68' title='bbox 142 1203 248 1292; x_wconf 76' lang='grc' dir='ltr'><strong><em>μικρῷ</em></strong></span> <span class='ocrx_word' id='word_1_69' title='bbox 271 1199 423 1287; x_wconf 75' lang='grc' dir='ltr'><strong><em>πρόσθεν</em></strong></span> <span class='ocrx_word' id='word_1_70' title='bbox 448 1196 554 1278; x_wconf 82' lang='grc' dir='ltr'><strong><em>οὕτως</em></strong></span> <span class='ocrx_word' id='word_1_71' title='bbox 578 1197 774 1286; x_wconf 77' lang='grc' dir='ltr'><strong><em>ὠνομάσθη.</em></strong></span> <span class='ocrx_word' id='word_1_72' title='bbox 814 1195 855 1266; x_wconf 83' lang='grc' dir='ltr'><strong><em>τά</em></strong></span> <span class='ocrx_word' id='word_1_73' title='bbox 879 1198 917 1266; x_wconf 78' lang='grc' dir='ltr'><strong><em>δὲ</em></strong></span> <span class='ocrx_word' id='word_1_74' title='bbox 939 1195 1004 1284; x_wconf 85' lang='grc' dir='ltr'><strong><em>πρὸ</em></strong></span> <span class='ocrx_word' id='word_1_75' title='bbox 1029 1194 1144 1265; x_wconf 88' lang='grc' dir='ltr'><strong><em>τούτων</em></strong></span> 
     </span>
     <span class='ocr_line' id='line_1_11' title="bbox 103 1301 1195 1394; baseline -0.006 -20"><span class='ocrx_word' id='word_1_76' title='bbox 103 1305 296 1394; x_wconf 77' lang='grc' dir='ltr'><strong><em>ιοἝλληυες</em></strong></span> <span class='ocrx_word' id='word_1_77' title='bbox 318 1305 379 1393; x_wconf 71' lang='grc' dir='ltr'><strong><em>μὲν</em></strong></span> <span class='ocrx_word' id='word_1_78' title='bbox 397 1303 576 1393; x_wconf 81' lang='grc' dir='ltr'><strong><em>Ἑσπερίαν</em></strong></span> <span class='ocrx_word' id='word_1_79' title='bbox 599 1306 656 1373; x_wconf 81' lang='grc' dir='ltr'><strong><em>καὶ</em></strong></span> <span class='ocrx_word' id='word_1_80' title='bbox 674 1302 849 1373; x_wconf 85' lang='grc' dir='ltr'><strong><em>Αὐσονίαν</em></strong></span> <span class='ocrx_word' id='word_1_81' title='bbox 874 1303 979 1391; x_wconf 78' lang='grc' dir='ltr'><strong><em>αὐτὴν</em></strong></span> <span class='ocrx_word' id='word_1_82' title='bbox 1003 1301 1145 1383; x_wconf 79' lang='grc' dir='ltr'><strong><em>ἐκάλουν,</em></strong></span> <span class='ocrx_word' id='word_1_83' title='bbox 1194 1387 1195 1390; x_wconf 9' lang='lat'>¹</span> 
     </span>
    </p>

    <p class='ocr_par' dir='ltr' id='par_1_4' title="bbox 143 1409 1195 1713">
     <span class='ocr_line' id='line_1_12' title="bbox 143 1409 1147 1501; baseline -0.01 -19"><span class='ocrx_word' id='word_1_84' title='bbox 143 1417 177 1482; x_wconf 80' lang='grc' dir='ltr'><strong><em>οἱ</em></strong></span> <span class='ocrx_word' id='word_1_85' title='bbox 198 1411 230 1480; x_wconf 92' lang='grc' dir='ltr'><strong><em>δ’</em></strong></span> <span class='ocrx_word' id='word_1_86' title='bbox 257 1411 428 1501; x_wconf 78' lang='grc' dir='ltr'><strong><em>ἐπιχώριοι</em></strong></span> <span class='ocrx_word' id='word_1_87' title='bbox 452 1417 658 1501; x_wconf 87' lang='grc' dir='ltr'><strong><em>Σατορνίαν,</em></strong></span> <span class='ocrx_word' id='word_1_88' title='bbox 683 1409 728 1492; x_wconf 80' lang='grc' dir='ltr'><strong><em>ως</em></strong></span> <span class='ocrx_word' id='word_1_89' title='bbox 753 1415 885 1500; x_wconf 91' lang='grc' dir='ltr'><strong><em>είρηταί</em></strong></span> <span class='ocrx_word' id='word_1_90' title='bbox 904 1437 962 1499; x_wconf 92' lang='grc' dir='ltr'><strong><em>μοι</em></strong></span> <span class='ocrx_word' id='word_1_91' title='bbox 984 1409 1147 1496; x_wconf 91' lang='grc' dir='ltr'><strong><em>πρότερον.</em></strong></span> 
     </span>
     <span class='ocr_line' id='line_1_13' title="bbox 230 1514 1195 1604; baseline -0.001 -19"><span class='ocrx_word' id='word_1_92' title='bbox 230 1519 381 1586; x_wconf 87' lang='lat' dir='ltr'><strong>XXXVI.</strong></span> <span class='ocrx_word' id='word_1_93' title='bbox 407 1515 503 1584; x_wconf 85' lang='grc' dir='ltr'><strong><em>Ἔστι</em></strong></span> <span class='ocrx_word' id='word_1_94' title='bbox 528 1519 568 1586; x_wconf 85' lang='grc' dir='ltr'><strong><em>δέ</em></strong></span> <span class='ocrx_word' id='word_1_95' title='bbox 587 1545 638 1598; x_wconf 91' lang='grc' dir='ltr'><strong><em>τις</em></strong></span> <span class='ocrx_word' id='word_1_96' title='bbox 664 1518 721 1584; x_wconf 80' lang='grc' dir='ltr'><strong><em>καί</em></strong></span> <span class='ocrx_word' id='word_1_97' title='bbox 744 1519 855 1604; x_wconf 78' lang='grc' dir='ltr'><strong><em>ἕτερος</em></strong></span> <span class='ocrx_word' id='word_1_98' title='bbox 877 1517 978 1604; x_wconf 91' lang='grc' dir='ltr'><strong><em>λόγος</em></strong></span> <span class='ocrx_word' id='word_1_99' title='bbox 1000 1514 1070 1585; x_wconf 85' lang='grc' dir='ltr'><strong><em>ὑπὸ</em></strong></span> <span class='ocrx_word' id='word_1_100' title='bbox 1092 1516 1147 1581; x_wconf 75' lang='grc' dir='ltr'><strong><em>τόν</em></strong></span> <span class='ocrx_word' id='word_1_101' title='bbox 1194 1549 1195 1584; x_wconf 71' lang='lat'>1</span> 
     </span>
     <span class='ocr_line' id='line_1_14' title="bbox 143 1620 1195 1713; baseline -0.002 -19"><span class='ocrx_word' id='word_1_102' title='bbox 143 1629 330 1713; x_wconf 85' lang='grc' dir='ltr'><strong><em>ἐπιχωρίων</em></strong></span> <span class='ocrx_word' id='word_1_103' title='bbox 358 1624 674 1713; x_wconf 75' lang='grc' dir='ltr'><strong><em>μυθολογούμενος,</em></strong></span> <span class='ocrx_word' id='word_1_104' title='bbox 703 1621 748 1704; x_wconf 81' lang='grc' dir='ltr'><strong><em>ὡς</em></strong></span> <span class='ocrx_word' id='word_1_105' title='bbox 774 1623 921 1712; x_wconf 83' lang='grc' dir='ltr'><strong><em>πρὸτῆς</em></strong></span> <span class='ocrx_word' id='word_1_106' title='bbox 945 1622 1030 1704; x_wconf 86' lang='grc' dir='ltr'><strong><em>Διὸς</em></strong></span> <span class='ocrx_word' id='word_1_107' title='bbox 1059 1620 1149 1708; x_wconf 73' lang='grc' dir='ltr'><strong><em>ἀρχῆς</em></strong></span> <span class='ocrx_word' id='word_1_108' title='bbox 1194 1659 1195 1692; x_wconf 66' lang='grc' dir='ltr'><strong><em>ι</em></strong></span> 
     </span>
    </p>

    <p class='ocr_par' dir='ltr' id='par_1_5' title="bbox 104 1724 1195 1925">
     <span class='ocr_line' id='line_1_15' title="bbox 143 1724 1149 1822; baseline -0.008 -22"><span class='ocrx_word' id='word_1_109' title='bbox 143 1731 161 1800; x_wconf 87' lang='grc' dir='ltr'>ὁ</span> <span class='ocrx_word' id='word_1_110' title='bbox 186 1731 322 1819; x_wconf 89' lang='grc' dir='ltr'><strong><em>Κρόνος</em></strong></span> <span class='ocrx_word' id='word_1_111' title='bbox 345 1734 382 1799; x_wconf 80' lang='grc' dir='ltr'><strong><em>ἐν</em></strong></span> <span class='ocrx_word' id='word_1_112' title='bbox 404 1735 445 1820; x_wconf 76' lang='grc' dir='ltr'><strong><em>τῇ</em></strong></span> <span class='ocrx_word' id='word_1_113' title='bbox 468 1735 510 1822; x_wconf 75' lang='grc' dir='ltr'><strong><em>γῇ</em></strong></span> <span class='ocrx_word' id='word_1_114' title='bbox 536 1731 641 1819; x_wconf 89' lang='grc' dir='ltr'><strong><em>ταύτη</em></strong></span> <span class='ocrx_word' id='word_1_115' title='bbox 666 1730 917 1817; x_wconf 88' lang='grc' dir='ltr'><strong><em>δυναστεύσειε,</em></strong></span> <span class='ocrx_word' id='word_1_116' title='bbox 944 1732 1000 1799; x_wconf 80' lang='grc' dir='ltr'><strong><em>καὶ</em></strong></span> <span class='ocrx_word' id='word_1_117' title='bbox 1025 1726 1044 1798; x_wconf 83' lang='grc' dir='ltr'>ὁ</span> <span class='ocrx_word' id='word_1_118' title='bbox 1068 1724 1149 1812; x_wconf 83' lang='grc' dir='ltr'><strong><em>λεγό</em></strong></span> 
     </span>
     <span class='ocr_line' id='line_1_16' title="bbox 104 1825 1195 1925; baseline 0.001 -22"><span class='ocrx_word' id='word_1_119' title='bbox 104 1863 129 1904; x_wconf 85' lang='lat'><strong><em>15</em></strong></span> <span class='ocrx_word' id='word_1_120' title='bbox 144 1864 245 1925; x_wconf 91' lang='grc' dir='ltr'><strong><em>μενος</em></strong></span> <span class='ocrx_word' id='word_1_121' title='bbox 272 1835 322 1904; x_wconf 82' lang='grc' dir='ltr'><strong><em>ἐπ’</em></strong></span> <span class='ocrx_word' id='word_1_122' title='bbox 353 1840 484 1906; x_wconf 84' lang='grc' dir='ltr'><strong><em>ἐκείνου</em></strong></span> <span class='ocrx_word' id='word_1_123' title='bbox 512 1842 586 1924; x_wconf 84' lang='grc' dir='ltr'><strong><em>βίος</em></strong></span> <span class='ocrx_word' id='word_1_124' title='bbox 614 1835 718 1905; x_wconf 85' lang='grc' dir='ltr'><strong><em>άπασι</em></strong></span> <span class='ocrx_word' id='word_1_125' title='bbox 741 1836 887 1925; x_wconf 79' lang='grc' dir='ltr'><strong><em>,δαψιλὴς</em></strong></span> <span class='ocrx_word' id='word_1_126' title='bbox 914 1836 1055 1916; x_wconf 86' lang='grc' dir='ltr'><strong><em>ὁπόσοις</em></strong></span> <span class='ocrx_word' id='word_1_127' title='bbox 1077 1825 1149 1921; x_wconf 73' lang='grc' dir='ltr'><strong><em>ὧραι</em></strong></span> <span class='ocrx_word' id='word_1_128' title='bbox 1163 1841 1195 1904; x_wconf 59' lang='grc' dir='ltr'><strong><em>91ι</em></strong></span> 
     </span>
    </p>
   </div>
   <div class='ocr_carea' id='block_1_4' title="bbox 105 1939 1195 3325">
    <p class='ocr_par' dir='ltr' id='par_1_6' title="bbox 145 1939 1195 2033">
     <span class='ocr_line' id='line_1_17' title="bbox 145 1939 1195 2033; baseline -0.007 -21"><span class='ocrx_word' id='word_1_129' title='bbox 145 1943 295 2032; x_wconf 85' lang='grc' dir='ltr'><strong><em>φύουσιν</em></strong></span> <span class='ocrx_word' id='word_1_130' title='bbox 315 1939 356 2011; x_wconf 88' lang='grc' dir='ltr'><strong><em>ού</em></strong></span> <span class='ocrx_word' id='word_1_131' title='bbox 374 1941 452 2027; x_wconf 90' lang='grc' dir='ltr'><strong><em>παρ’</em></strong></span> <span class='ocrx_word' id='word_1_132' title='bbox 470 1941 585 2022; x_wconf 87' lang='grc' dir='ltr'><strong><em>άλλοις</em></strong></span> <span class='ocrx_word' id='word_1_133' title='bbox 605 1947 733 2030; x_wconf 85' lang='grc' dir='ltr'><strong><em>μᾶλλον</em></strong></span> <span class='ocrx_word' id='word_1_134' title='bbox 752 1939 773 2031; x_wconf 80' lang='grc' dir='ltr'>ἢ</span> <span class='ocrx_word' id='word_1_135' title='bbox 794 1943 885 2032; x_wconf 79' lang='grc' dir='ltr'><strong><em>παρὰ</em></strong></span> <span class='ocrx_word' id='word_1_136' title='bbox 904 1950 1000 2033; x_wconf 91' lang='grc' dir='ltr'><strong><em>σφίσι</em></strong></span> <span class='ocrx_word' id='word_1_137' title='bbox 1018 1945 1151 2029; x_wconf 82' lang='grc' dir='ltr'><strong><em>γίνοιτο.</em></strong></span> <span class='ocrx_word' id='word_1_138' title='bbox 1194 1987 1195 2014; x_wconf 56' lang='grc'>;</span> 
     </span>
    </p>

    <p class='ocr_par' dir='ltr' id='par_1_7' title="bbox 105 2043 1195 2137">
     <span class='ocr_line' id='line_1_18' title="bbox 105 2043 1195 2137; baseline 0.004 -19"><span class='ocrx_word' id='word_1_139' title='bbox 105 2043 126 2107; x_wconf 76' lang='lat'>2</span> <span class='ocrx_word' id='word_1_140' title='bbox 145 2050 202 2118; x_wconf 82' lang='grc' dir='ltr'><strong><em>καί</em></strong></span> <span class='ocrx_word' id='word_1_141' title='bbox 221 2058 255 2116; x_wconf 88' lang='grc' dir='ltr'><strong><em>εί</em></strong></span> <span class='ocrx_word' id='word_1_142' title='bbox 268 2076 318 2128; x_wconf 90' lang='grc' dir='ltr'><strong><em>τις</em></strong></span> <span class='ocrx_word' id='word_1_143' title='bbox 337 2046 445 2129; x_wconf 82' lang='grc' dir='ltr'><strong><em>άλλως</em></strong></span> <span class='ocrx_word' id='word_1_144' title='bbox 458 2046 594 2136; x_wconf 77' lang='grc' dir='ltr'><strong><em>ἀφελῶν</em></strong></span> <span class='ocrx_word' id='word_1_145' title='bbox 613 2047 651 2117; x_wconf 87' lang='grc' dir='ltr'><strong><em>τὸ</em></strong></span> <span class='ocrx_word' id='word_1_146' title='bbox 670 2053 830 2136; x_wconf 76' lang='grc' dir='ltr'><strong><em>μυθῶδες</em></strong></span> <span class='ocrx_word' id='word_1_147' title='bbox 847 2055 909 2119; x_wconf 85' lang='grc' dir='ltr'><strong><em>τού</em></strong></span> <span class='ocrx_word' id='word_1_148' title='bbox 928 2050 1034 2137; x_wconf 91' lang='grc' dir='ltr'><strong><em>λόγου</em></strong></span> <span class='ocrx_word' id='word_1_149' title='bbox 1053 2046 1153 2135; x_wconf 75' lang='grc' dir='ltr'><strong><em>χώρας</em></strong></span> <span class='ocrx_word' id='word_1_150' title='bbox 1194 2089 1195 2124; x_wconf 61' lang='grc' dir='ltr'><strong><em>ι</em></strong></span> 
     </span>
    </p>

    <p class='ocr_par' dir='ltr' id='par_1_8' title="bbox 145 2147 1195 2244">
     <span class='ocr_line' id='line_1_19' title="bbox 145 2147 1195 2244; baseline -0.006 -20"><span class='ocrx_word' id='word_1_151' title='bbox 145 2153 266 2244; x_wconf 79' lang='grc' dir='ltr'><strong><em>άρετὴν</em></strong></span> <span class='ocrx_word' id='word_1_152' title='bbox 295 2154 454 2236; x_wconf 77' lang='grc' dir='ltr'><strong><em>ἐξετάζειν</em></strong></span> <span class='ocrx_word' id='word_1_153' title='bbox 482 2153 691 2243; x_wconf 78' lang='grc' dir='ltr'><strong><em>ἐθελήσειεν,</em></strong></span> <span class='ocrx_word' id='word_1_154' title='bbox 720 2157 753 2237; x_wconf 82' lang='grc' dir='ltr'><strong><em>ἐξ</em></strong></span> <span class='ocrx_word' id='word_1_155' title='bbox 776 2147 816 2243; x_wconf 79' lang='grc' dir='ltr'><strong><em>ἧς</em></strong></span> <span class='ocrx_word' id='word_1_156' title='bbox 838 2158 936 2242; x_wconf 83' lang='grc' dir='ltr'><strong><em>γένος</em></strong></span> <span class='ocrx_word' id='word_1_157' title='bbox 957 2154 996 2226; x_wconf 85' lang='grc' dir='ltr'><strong><em>τὸ</em></strong></span> <span class='ocrx_word' id='word_1_158' title='bbox 1026 2149 1153 2240; x_wconf 85' lang='grc' dir='ltr'><strong><em>άνθρά-</em></strong></span> <span class='ocrx_word' id='word_1_159' title='bbox 1194 2195 1195 2230; x_wconf 62' lang='grc'><strong><em>,</em></strong></span> 
     </span>
    </p>

    <p class='ocr_par' dir='ltr' id='par_1_9' title="bbox 144 2254 1195 2350">
     <span class='ocr_line' id='line_1_20' title="bbox 144 2254 1195 2350; baseline -0.007 -19"><span class='ocrx_word' id='word_1_160' title='bbox 144 2287 218 2331; x_wconf 94' lang='grc' dir='ltr'><strong><em>πων</em></strong></span> <span class='ocrx_word' id='word_1_161' title='bbox 233 2267 386 2341; x_wconf 90' lang='grc' dir='ltr'><strong><em>πλείστας</em></strong></span> <span class='ocrx_word' id='word_1_162' title='bbox 400 2259 614 2349; x_wconf 82' lang='grc' dir='ltr'><strong><em>εὐφροσύνας</em></strong></span> <span class='ocrx_word' id='word_1_163' title='bbox 628 2261 841 2350; x_wconf 76' lang='grc' dir='ltr'><strong><em>ἐκαρπώσατο</em></strong></span> <span class='ocrx_word' id='word_1_164' title='bbox 855 2262 1042 2349; x_wconf 90' lang='grc' dir='ltr'><strong><em>γενόμενον</em></strong></span> <span class='ocrx_word' id='word_1_165' title='bbox 1057 2254 1155 2335; x_wconf 81' lang='grc' dir='ltr'><strong><em>εὐθὺς</em></strong></span> <span class='ocrx_word' id='word_1_166' title='bbox 1194 2303 1195 2337; x_wconf 50' lang='grc'>;</span> 
     </span>
    </p>

    <p class='ocr_par' dir='ltr' id='par_1_10' title="bbox 105 2363 1195 2454">
     <span class='ocr_line' id='line_1_21' title="bbox 105 2363 1195 2454; baseline -0.005 -17"><span class='ocrx_word' id='word_1_167' title='bbox 105 2396 132 2436; x_wconf 78' lang='grc' dir='ltr'><strong><em>ιο</em></strong></span> <span class='ocrx_word' id='word_1_168' title='bbox 146 2366 200 2437; x_wconf 80' lang='grc' dir='ltr'><strong><em>εἴτ’</em></strong></span> <span class='ocrx_word' id='word_1_169' title='bbox 227 2371 262 2437; x_wconf 82' lang='grc' dir='ltr'><strong><em>ἐκ</em></strong></span> <span class='ocrx_word' id='word_1_170' title='bbox 285 2369 346 2454; x_wconf 74' lang='grc' dir='ltr'><strong><em>γῆς</em></strong></span> <span class='ocrx_word' id='word_1_171' title='bbox 370 2363 414 2446; x_wconf 75' lang='grc' dir='ltr'><strong><em>ὥς</em></strong></span> <span class='ocrx_word' id='word_1_172' title='bbox 439 2363 456 2434; x_wconf 90' lang='grc' dir='ltr'>ὁ</span> <span class='ocrx_word' id='word_1_173' title='bbox 479 2365 621 2446; x_wconf 84' lang='grc' dir='ltr'><strong><em>παλαιός</em></strong></span> <span class='ocrx_word' id='word_1_174' title='bbox 645 2370 710 2454; x_wconf 86' lang='grc' dir='ltr'><strong><em>ίχει</em></strong></span> <span class='ocrx_word' id='word_1_175' title='bbox 734 2366 845 2452; x_wconf 89' lang='grc' dir='ltr'><strong><em>λόγος,</em></strong></span> <span class='ocrx_word' id='word_1_176' title='bbox 868 2364 922 2435; x_wconf 80' lang='grc' dir='ltr'><strong><em>εἴτ’</em></strong></span> <span class='ocrx_word' id='word_1_177' title='bbox 949 2365 1058 2446; x_wconf 86' lang='grc' dir='ltr'><strong><em>άλλως</em></strong></span> <span class='ocrx_word' id='word_1_178' title='bbox 1082 2390 1156 2448; x_wconf 87' lang='grc' dir='ltr'><strong><em>πως,</em></strong></span> <span class='ocrx_word' id='word_1_179' title='bbox 1194 2389 1195 2442; x_wconf 71' lang='grc' dir='ltr'><strong><em>ι</em></strong></span> 
     </span>
    </p>

    <p class='ocr_par' dir='ltr' id='par_1_11' title="bbox 108 2470 1195 3325">
     <span class='ocr_line' id='line_1_22' title="bbox 147 2470 1195 2561; baseline -0.01 -16"><span class='ocrx_word' id='word_1_180' title='bbox 147 2474 209 2545; x_wconf 87' lang='grc' dir='ltr'><strong><em>οὐκ</em></strong></span> <span class='ocrx_word' id='word_1_181' title='bbox 232 2471 275 2542; x_wconf 80' lang='grc' dir='ltr'><strong><em>διν</em></strong></span> <span class='ocrx_word' id='word_1_182' title='bbox 298 2472 392 2561; x_wconf 78' lang='grc' dir='ltr'><strong><em>εὕροι</em></strong></span> <span class='ocrx_word' id='word_1_183' title='bbox 414 2472 537 2560; x_wconf 80' lang='grc' dir='ltr'><strong><em>ταύτης</em></strong></span> <span class='ocrx_word' id='word_1_184' title='bbox 550 2471 627 2541; x_wconf 84' lang='grc' dir='ltr'><strong><em>τινά</em></strong></span> <span class='ocrx_word' id='word_1_185' title='bbox 651 2475 929 2561; x_wconf 81' lang='grc' dir='ltr'><strong><em>ἐπιτηδειοτέραν.</em></strong></span> <span class='ocrx_word' id='word_1_186' title='bbox 960 2471 1005 2553; x_wconf 80' lang='grc' dir='ltr'><strong><em>ὡς</em></strong></span> <span class='ocrx_word' id='word_1_187' title='bbox 1018 2470 1083 2559; x_wconf 83' lang='grc' dir='ltr'><strong><em>γὰρ</em></strong></span> <span class='ocrx_word' id='word_1_188' title='bbox 1103 2475 1156 2557; x_wconf 92' lang='grc' dir='ltr'><strong><em>μία</em></strong></span> <span class='ocrx_word' id='word_1_189' title='bbox 1194 2513 1195 2554; x_wconf 70' lang='grc'><strong><em>,</em></strong></span> 
     </span>
     <span class='ocr_line' id='line_1_23' title="bbox 146 2572 1158 2669; baseline -0.006 -20"><span class='ocrx_word' id='word_1_190' title='bbox 146 2587 188 2668; x_wconf 79' lang='grc' dir='ltr'><strong><em>γῆ</em></strong></span> <span class='ocrx_word' id='word_1_191' title='bbox 216 2579 300 2669; x_wconf 90' lang='grc' dir='ltr'><strong><em>πρὸς</em></strong></span> <span class='ocrx_word' id='word_1_192' title='bbox 328 2581 443 2667; x_wconf 82' lang='grc' dir='ltr'><strong><em>ἑτέραν</em></strong></span> <span class='ocrx_word' id='word_1_193' title='bbox 470 2584 649 2668; x_wconf 84' lang='grc' dir='ltr'><strong><em>κρίνεσθαι</em></strong></span> <span class='ocrx_word' id='word_1_194' title='bbox 676 2580 844 2667; x_wconf 84' lang='grc' dir='ltr'><strong><em>τοσαύτην</em></strong></span> <span class='ocrx_word' id='word_1_195' title='bbox 871 2578 909 2649; x_wconf 90' lang='grc' dir='ltr'><strong><em>τὸ</em></strong></span> <span class='ocrx_word' id='word_1_196' title='bbox 938 2582 1098 2668; x_wconf 77' lang='grc' dir='ltr'><strong><em>μέγεθος,</em></strong></span> <span class='ocrx_word' id='word_1_197' title='bbox 1122 2572 1158 2644; x_wconf 86' lang='grc' dir='ltr'><strong><em>οὐ</em></strong></span> 
     </span>
     <span class='ocr_line' id='line_1_24' title="bbox 147 2683 1158 2775; baseline -0.004 -20"><span class='ocrx_word' id='word_1_198' title='bbox 147 2687 256 2775; x_wconf 89' lang='grc' dir='ltr'><strong><em>μόνον</em></strong></span> <span class='ocrx_word' id='word_1_199' title='bbox 278 2690 337 2773; x_wconf 80' lang='grc' dir='ltr'><strong><em>τῆς</em></strong></span> <span class='ocrx_word' id='word_1_200' title='bbox 350 2684 526 2772; x_wconf 76' lang='grc' dir='ltr'><strong><em>Εὐρώπης,</em></strong></span> <span class='ocrx_word' id='word_1_201' title='bbox 550 2684 634 2755; x_wconf 87' lang='grc' dir='ltr'><strong><em>άλλδι</em></strong></span> <span class='ocrx_word' id='word_1_202' title='bbox 656 2688 712 2755; x_wconf 82' lang='grc' dir='ltr'><strong><em>καί</em></strong></span> <span class='ocrx_word' id='word_1_203' title='bbox 730 2690 789 2772; x_wconf 81' lang='grc' dir='ltr'><strong><em>της</em></strong></span> <span class='ocrx_word' id='word_1_204' title='bbox 811 2683 914 2774; x_wconf 88' lang='grc' dir='ltr'><strong><em>άλλης</em></strong></span> <span class='ocrx_word' id='word_1_205' title='bbox 936 2685 1067 2774; x_wconf 80' lang='grc' dir='ltr'><strong><em>ἁπάσης</em></strong></span> <span class='ocrx_word' id='word_1_206' title='bbox 1083 2709 1158 2769; x_wconf 91' lang='grc' dir='ltr'><strong><em>κρα-</em></strong></span> 
     </span>
     <span class='ocr_line' id='line_1_25' title="bbox 108 2789 1159 2881; baseline -0.006 -18"><span class='ocrx_word' id='word_1_207' title='bbox 108 2804 129 2871; x_wconf 85' lang='grc'>3</span> <span class='ocrx_word' id='word_1_208' title='bbox 147 2798 241 2880; x_wconf 90' lang='grc' dir='ltr'><strong><em>τίστη</em></strong></span> <span class='ocrx_word' id='word_1_209' title='bbox 263 2789 334 2860; x_wconf 88' lang='grc' dir='ltr'><strong><em>κατ’</em></strong></span> <span class='ocrx_word' id='word_1_210' title='bbox 361 2789 444 2878; x_wconf 81' lang='grc' dir='ltr'><strong><em>ἐμὴν</em></strong></span> <span class='ocrx_word' id='word_1_211' title='bbox 469 2791 572 2873; x_wconf 81' lang='grc' dir='ltr'><strong><em>δόξαν</em></strong></span> <span class='ocrx_word' id='word_1_212' title='bbox 596 2792 687 2862; x_wconf 82' lang='grc' dir='ltr'><strong><em>ἐστὶν</em></strong></span> <span class='ocrx_word' id='word_1_213' title='bbox 708 2790 839 2861; x_wconf 88' lang='grc' dir='ltr'><strong><em>Ἰταλία.</em></strong></span> <span class='ocrx_word' id='word_1_214' title='bbox 861 2798 970 2862; x_wconf 90' lang='grc' dir='ltr'><strong><em>καίτοι</em></strong></span> <span class='ocrx_word' id='word_1_215' title='bbox 993 2820 1034 2881; x_wconf 87' lang='grc' dir='ltr'><strong><em>με</em></strong></span> <span class='ocrx_word' id='word_1_216' title='bbox 1049 2790 1089 2862; x_wconf 89' lang='grc' dir='ltr'><strong><em>οὐ</em></strong></span> <span class='ocrx_word' id='word_1_217' title='bbox 1111 2792 1159 2858; x_wconf 86' lang='grc' dir='ltr'><strong><em>λε’-</em></strong></span> 
     </span>
     <span class='ocr_line' id='line_1_26' title="bbox 109 2895 1159 2988; baseline -0.006 -18"><span class='ocrx_word' id='word_1_218' title='bbox 109 2927 135 2970; x_wconf 80' lang='grc' dir='ltr'><strong><em>ιι</em></strong></span> <span class='ocrx_word' id='word_1_219' title='bbox 149 2909 255 2986; x_wconf 88' lang='grc' dir='ltr'><strong><em>ληθεν</em></strong></span> <span class='ocrx_word' id='word_1_220' title='bbox 280 2895 331 2966; x_wconf 84' lang='grc' dir='ltr'><strong><em>ὅτι</em></strong></span> <span class='ocrx_word' id='word_1_221' title='bbox 353 2904 490 2978; x_wconf 84' lang='grc' dir='ltr'><strong><em>πολλοῖς</em></strong></span> <span class='ocrx_word' id='word_1_222' title='bbox 513 2897 554 2967; x_wconf 89' lang='grc' dir='ltr'><strong><em>οὐ</em></strong></span> <span class='ocrx_word' id='word_1_223' title='bbox 577 2898 677 2968; x_wconf 84' lang='grc' dir='ltr'><strong><em>πιστά</em></strong></span> <span class='ocrx_word' id='word_1_224' title='bbox 701 2899 787 2981; x_wconf 83' lang='grc' dir='ltr'><strong><em>δόξω</em></strong></span> <span class='ocrx_word' id='word_1_225' title='bbox 807 2902 929 2986; x_wconf 81' lang='grc' dir='ltr'><strong><em>λέγειν,</em></strong></span> <span class='ocrx_word' id='word_1_226' title='bbox 953 2898 1159 2988; x_wconf 83' lang='grc' dir='ltr'><strong><em>ἐνθυμονμί·</em></strong></span> 
     </span>
     <span class='ocr_line' id='line_1_27' title="bbox 149 3001 1162 3094; baseline -0.006 -19"><span class='ocrx_word' id='word_1_227' title='bbox 149 3032 222 3085; x_wconf 91' lang='grc' dir='ltr'><strong><em>νοις</em></strong></span> <span class='ocrx_word' id='word_1_228' title='bbox 244 3001 419 3091; x_wconf 88' lang='grc' dir='ltr'><strong><em>Αίγυπτόν</em></strong></span> <span class='ocrx_word' id='word_1_229' title='bbox 447 3031 482 3072; x_wconf 91' lang='grc' dir='ltr'><strong><em>τε</em></strong></span> <span class='ocrx_word' id='word_1_230' title='bbox 508 3007 565 3074; x_wconf 81' lang='grc' dir='ltr'><strong><em>καὶ</em></strong></span> <span class='ocrx_word' id='word_1_231' title='bbox 588 3005 721 3094; x_wconf 87' lang='grc' dir='ltr'><strong><em>Λιβύην</em></strong></span> <span class='ocrx_word' id='word_1_232' title='bbox 748 3007 805 3075; x_wconf 81' lang='grc' dir='ltr'><strong><em>καί</em></strong></span> <span class='ocrx_word' id='word_1_233' title='bbox 832 3011 1022 3094; x_wconf 79' lang='grc' dir='ltr'><strong><em>Βαβυλῶνα</em></strong></span> <span class='ocrx_word' id='word_1_234' title='bbox 1049 3005 1103 3074; x_wconf 79' lang='grc' dir='ltr'><strong><em>καί</em></strong></span> <span class='ocrx_word' id='word_1_235' title='bbox 1133 3006 1162 3070; x_wconf 91' lang='grc' dir='ltr'><strong><em>εί</em></strong></span> 
     </span>
     <span class='ocr_line' id='line_1_28' title="bbox 150 3109 1160 3200; baseline -0.002 -21"><span class='ocrx_word' id='word_1_236' title='bbox 150 3111 193 3198; x_wconf 83' lang='grc' dir='ltr'><strong><em>δή</em></strong></span> <span class='ocrx_word' id='word_1_237' title='bbox 215 3137 305 3191; x_wconf 92' lang='grc' dir='ltr'><strong><em>τινες</em></strong></span> <span class='ocrx_word' id='word_1_238' title='bbox 327 3109 423 3180; x_wconf 89' lang='grc' dir='ltr'><strong><em>άλλοι</em></strong></span> <span class='ocrx_word' id='word_1_239' title='bbox 447 3117 553 3200; x_wconf 77' lang='grc' dir='ltr'><strong><em>χῶροί</em></strong></span> <span class='ocrx_word' id='word_1_240' title='bbox 573 3117 660 3182; x_wconf 88' lang='grc' dir='ltr'><strong><em>είσιν</em></strong></span> <span class='ocrx_word' id='word_1_241' title='bbox 683 3111 898 3199; x_wconf 88' lang='grc' dir='ltr'><strong><em>εὐδαίμονες·</em></strong></span> <span class='ocrx_word' id='word_1_242' title='bbox 921 3110 995 3180; x_wconf 77' lang='grc' dir='ltr'><strong><em>ἀλλ’</em></strong></span> <span class='ocrx_word' id='word_1_243' title='bbox 1021 3112 1085 3200; x_wconf 77' lang='grc' dir='ltr'><strong><em>ἐγὼ</em></strong></span> <span class='ocrx_word' id='word_1_244' title='bbox 1102 3109 1160 3179; x_wconf 89' lang='grc' dir='ltr'><strong><em>τὸν</em></strong></span> 
     </span>
     <span class='ocr_line' id='line_1_29' title="bbox 221 3249 1162 3325; baseline -0.003 -16"><span class='ocrx_word' id='word_1_245' title='bbox 221 3249 317 3322; x_wconf 70' lang='grc' dir='ltr'><strong><em>λτὴν</em></strong></span> <span class='ocrx_word' id='word_1_246' title='bbox 337 3249 494 3325; x_wconf 90' lang='grc' dir='ltr'><strong><em>ὀνομασίαν</em></strong></span> <span class='ocrx_word' id='word_1_247' title='bbox 519 3257 614 3310; x_wconf 89' lang='lat' dir='ltr'>om.B</span> <span class='ocrx_word' id='word_1_248' title='bbox 678 3251 802 3311; x_wconf 73' lang='grc' dir='ltr'><strong><em>δίπίΒ</em></strong></span> <span class='ocrx_word' id='word_1_249' title='bbox 827 3249 885 3310; x_wconf 86' lang='grc' dir='ltr'><strong><em>άπὸ</em></strong></span> <span class='ocrx_word' id='word_1_250' title='bbox 904 3256 930 3310; x_wconf 83' lang='lat' dir='ltr'>A</span> <span class='ocrx_word' id='word_1_251' title='bbox 994 3262 1027 3311; x_wconf 95' lang='lat'><strong><em>11</em></strong></span> <span class='ocrx_word' id='word_1_252' title='bbox 1049 3271 1162 3320; x_wconf 88' lang='grc' dir='ltr'><strong><em>σατουρ-</em></strong></span> 
     </span>
    </p>
   </div>
   <div class='ocr_carea' id='block_1_5' title="bbox 151 3321 1162 3464">
    <p class='ocr_par' dir='ltr' id='par_1_12' title="bbox 151 3321 1162 3464">
     <span class='ocr_line' id='line_1_30' title="bbox 151 3321 1162 3395; baseline -0.004 -17"><span class='ocrx_word' id='word_1_253' title='bbox 151 3326 258 3378; x_wconf 84' lang='grc' dir='ltr'><strong><em>νίανΒ</em></strong></span> <span class='ocrx_word' id='word_1_254' title='bbox 281 3327 434 3391; x_wconf 87' lang='grc' dir='ltr'><strong><em>σανορνίοιν</em></strong></span> <span class='ocrx_word' id='word_1_255' title='bbox 452 3326 478 3378; x_wconf 83' lang='lat' dir='ltr'><strong>R</strong></span> <span class='ocrx_word' id='word_1_256' title='bbox 570 3333 601 3380; x_wconf 88' lang='grc'><strong><em>16</em></strong></span> <span class='ocrx_word' id='word_1_257' title='bbox 621 3327 727 3395; x_wconf 81' lang='grc' dir='ltr'><strong><em>μᾶλλον</em></strong></span> <span class='ocrx_word' id='word_1_258' title='bbox 745 3328 771 3381; x_wconf 79' lang='grc' dir='ltr'><strong><em>Β,</em></strong></span> <span class='ocrx_word' id='word_1_259' title='bbox 807 3321 936 3394; x_wconf 87' lang='grc' dir='ltr'><strong><em>μόνονΒ</em></strong></span> <span class='ocrx_word' id='word_1_260' title='bbox 1027 3332 1061 3381; x_wconf 80' lang='grc'><strong><em>17</em></strong></span> <span class='ocrx_word' id='word_1_261' title='bbox 1080 3325 1108 3379; x_wconf 85' lang='grc' dir='ltr'><strong><em>εί</em></strong></span> <span class='ocrx_word' id='word_1_262' title='bbox 1121 3340 1162 3382; x_wconf 87' lang='grc' dir='ltr'><strong><em>τις</em></strong></span> 
     </span>
     <span class='ocr_line' id='line_1_31' title="bbox 152 3391 1162 3464; baseline -0.004 -16"><span class='ocrx_word' id='word_1_263' title='bbox 152 3391 240 3456; x_wconf 86' lang='grc' dir='ltr'><strong><em>άλλως</em></strong></span> <span class='ocrx_word' id='word_1_264' title='bbox 259 3411 281 3448; x_wconf 89' lang='grc' dir='ltr'><strong><em>ο.</em></strong></span> <span class='ocrx_word' id='word_1_265' title='bbox 302 3393 435 3463; x_wconf 80' lang='lat' dir='ltr'>Sylburg‚</span> <span class='ocrx_word' id='word_1_266' title='bbox 453 3395 569 3464; x_wconf 75' lang='lat' dir='ltr'><strong>Reiske,</strong></span> <span class='ocrx_word' id='word_1_267' title='bbox 588 3397 745 3451; x_wconf 83' lang='lat' dir='ltr'>Ambrosch</span> <span class='ocrx_word' id='word_1_268' title='bbox 773 3399 804 3451; x_wconf 82' lang='grc' dir='ltr'><strong><em>εί</em></strong></span> <span class='ocrx_word' id='word_1_269' title='bbox 821 3417 863 3459; x_wconf 88' lang='grc' dir='ltr'><strong><em>τις</em></strong></span> <span class='ocrx_word' id='word_1_270' title='bbox 891 3391 972 3459; x_wconf 79' lang='grc' dir='ltr'><strong><em>ἄλλος</em></strong></span> <span class='ocrx_word' id='word_1_271' title='bbox 991 3400 1016 3452; x_wconf 85' lang='lat' dir='ltr'><strong>R</strong></span> <span class='ocrx_word' id='word_1_272' title='bbox 1040 3399 1071 3450; x_wconf 86' lang='grc' dir='ltr'><strong><em>εί</em></strong></span> <span class='ocrx_word' id='word_1_273' title='bbox 1082 3413 1121 3454; x_wconf 83' lang='grc' dir='ltr'><strong><em>τις</em></strong></span> <span class='ocrx_word' id='word_1_274' title='bbox 1140 3393 1162 3444; x_wconf 89' lang='grc' dir='ltr'>Β</span> 
     </span>
    </p>
   </div>
   <div class='ocr_carea' id='block_1_6' title="bbox 188 3463 1127 3538">
    <p class='ocr_par' dir='ltr' id='par_1_13' title="bbox 188 3463 1127 3538">
     <span class='ocr_line' id='line_1_32' title="bbox 188 3463 1127 3538; baseline 0.009 -24"><span class='ocrx_word' id='word_1_275' title='bbox 188 3470 222 3517; x_wconf 81' lang='grc'><strong><em>21</em></strong></span> <span class='ocrx_word' id='word_1_276' title='bbox 251 3465 319 3532; x_wconf 89' lang='grc' dir='ltr'><strong><em>μίαν</em></strong></span> <span class='ocrx_word' id='word_1_277' title='bbox 342 3465 396 3530; x_wconf 80' lang='grc' dir='ltr'><strong><em>γῆν</em></strong></span> <span class='ocrx_word' id='word_1_278' title='bbox 415 3480 438 3516; x_wconf 86' lang='lat' dir='ltr'><strong><em>c.</em></strong></span> <span class='ocrx_word' id='word_1_279' title='bbox 459 3463 581 3534; x_wconf 82' lang='lat' dir='ltr'>Sylburg</span> <span class='ocrx_word' id='word_1_280' title='bbox 654 3473 687 3520; x_wconf 77' lang='lat'><strong><em>22</em></strong></span> <span class='ocrx_word' id='word_1_281' title='bbox 707 3470 911 3538; x_wconf 83' lang='grc' dir='ltr'><strong><em>συγκρίνεσθαι</em></strong></span> <span class='ocrx_word' id='word_1_282' title='bbox 929 3485 952 3522; x_wconf 85' lang='lat' dir='ltr'><strong><em>c.</em></strong></span> <span class='ocrx_word' id='word_1_283' title='bbox 972 3467 1127 3538; x_wconf 62' lang='lat' dir='ltr'>Stephanufl</span> 
     </span>
    </p>
   </div>
   <div class='ocr_carea' id='block_1_7' title="bbox 0 0 1231 3912">
    <p class='ocr_par' dir='ltr' id='par_1_14' title="bbox 0 0 1231 3912">
     <span class='ocr_line' id='line_1_33' title="bbox 0 0 1231 3912; baseline 0 0"><span class='ocrx_word' id='word_1_284' title='bbox 0 0 1231 3912; x_wconf 95' lang='lat' dir='ltr'><strong><em> </em></strong></span> 
     </span>
    </p>
   </div>
  </div>
 </body>
</html>
