2404 3918
454 216 621 267 ..Γ-

14 368 85 455 την
118 369 297 457 ἐγκύκλιον
328 369 457 460 αίοόραν
486 371 671 461 φερόμενος
697 373 754 440 καὶ
786 377 834 454 είς
864 371 903 442 τὸ
935 373 1045 461 βάθος
1096 439 1100 450 ,

17 480 85 545 τού
124 480 339 567 περιέχοντος
375 475 473 568 ἀέρος
509 477 714 566 ἀπέκρυψεν·
752 479 852 550 ἔπειτ’
886 481 1045 570 ἐξαίφνης

19 585 201 671 ἐπιτίθησι
227 589 274 678 τῷ
298 585 480 674 Λοκόμωνι
506 585 567 655 τδν
593 593 694 655 πῖλον
722 587 776 655 ἐπὶ
801 584 864 674 τὴν
891 587 1043 675 κεφαλὴν

20 687 181 778 ἁρμόσας
207 689 252 774 ὡς
279 691 445 781 πρότερον
475 695 633 781 ἥρμοστο.
686 702 888 781 θαυμαστοῦ
920 693 959 763 δέ
987 695 1080 763 καὶ4

20 798 223 887 παραδόξου
250 803 333 869 πᾶσι
358 803 421 870 τού
448 805 588 889 σημείου
616 801 782 890 φανέντος
808 797 829 888 η
861 801 948 889 γυνη
981 805 1069 870 τοῦδ

11 905 241 993 1Λοκόμωνος
267 905 375 995 όυομα
406 907 605 976 Τανακύλλα
642 908 815 995 ἐμπειρίαν
853 906 975 995 ίκανην
1007 910 1043 978 ἐκ

23 1014 180 1100 πατέρων
209 1019 331 1100 ἔχουσα
362 1018 422 1101 τῆς
452 1017 662 1103 Τυρρηνικῆς
694 1019 953 1101 οἰωνοσκοπίας,
985 1023 1042 1083 λα-

27 1125 135 1204 βοῦσα
158 1118 266 1207 μόνον
289 1117 394 1190 αὐτὸν
422 1118 488 1189 ἀπὸ
515 1125 584 1191 τῶν
612 1119 789 1190 συνόντων
811 1119 983 1208 ἠσπάσατό
1006 1147 1042 1190 τε

28 1226 83 1293 καὶ
109 1223 253 1312 ἀγαθῶν
282 1228 428 1296 ἐλπίδων
456 1228 637 1315 ἐνέπλησεν
665 1224 711 1308 ὥς
738 1228 772 1309 ἐξ
795 1230 964 1315 ίδιωτικῆς
986 1226 1041 1295 τύ-

34 1360 91 1418 χης
124 1338 171 1413 είς
207 1336 363 1415 ἐξουσίαν
399 1333 578 1421 βασιλικὴν
616 1333 849 1422 ἐλευσόμενον.
905 1347 1041 1403 σκοπεῖν
1056 1361 1082 1401 ιο

31 1442 143 1524 μέντοι
184 1439 431 1527 συνεβούλευεν
472 1438 561 1520 ὅπως
601 1438 682 1528 παρ’
717 1440 865 1511 ἑκόντων
901 1440 1041 1527 λήψεται

25 1542 196 1634 Ῥωμαίων
217 1546 279 1633 τὴν
302 1547 487 1636 ἡγεμονίαν
509 1545 605 1630 ἀξιον
629 1551 688 1634 τῆς
704 1551 803 1636 τιμῆς
820 1546 942 1635 ταύτης
965 1549 1041 1618 ἑαν·

28 1651 85 1721 τὸν
108 1653 299 1742 παρασχών.

114 1761 330 1830 xxxxvffl.
358 1759 393 1830 ‘o
416 1760 454 1830 ει
480 1759 660 1850 περιχαρὴς
687 1765 732 1853 τῷ
756 1767 881 1852 νημαι
904 1761 1041 1848 γενόμε-

28 1893 85 1946 νος
114 1865 228 1954 ἐπειδὴ
260 1881 333 1948 ταῖς
363 1867 484 1949 πύλαις
515 1866 581 1956 ἤδη
614 1866 829 1955 συνήγγιζεν,
860 1864 1041 1955 εύξάμενος
1055 1891 1081 1932 ιε

29 1987 95 2052 τοῖς
117 1982 214 2054 θεοῖς
241 1976 371 2062 ἐπιτελῆ
398 1976 560 2062 γενέσθαι
587 1972 628 2043 τὰ
658 1972 871 2062 μαντεύματα
894 1975 951 2042 καὶ
975 1972 1040 2044 σὺν

30 2077 173 2165 ἀγαθαῖς
204 2085 370 2151 είσελθεῖν
401 2080 518 2168 τύχαις
548 2085 723 2170 παρῆλθεν
753 2085 801 2161 είς
830 2079 894 2167 την
926 2079 1038 2150 πόλιν·

30 2187 80 2254 καὶ
103 2186 185 2274 μετὰ
206 2192 307 2256 τοῦτο
331 2186 510 2258 συνελθόν
534 2193 582 2268 είς
603 2187 726 2275 λόγους
744 2193 889 2279 Μαρκίῳ
911 2190 957 2279 τῷ
980 2193 1039 2273 βα·

31 2302 114 2364 σιλεῖ
138 2299 273 2383 πρῶτον
299 2294 361 2383 μέν
384 2295 506 2365 ἑαυτὸν
529 2294 700 2382 ἐδήλωσεν
727 2293 818 2375 ὅστις
840 2287 900 2381 ἦν,
929 2293 1036 2363 ἔπειθ’

32 2397 77 2468 ότι
96 2413 269 2471 ’κατοικεῖν
297 2405 335 2471 έν
360 2406 401 2492 τῇ
428 2401 523 2472 πόλει
552 2401 762 2489 βουλόμενος
784 2405 904 2489 παρείη
927 2404 1039 2469 πᾶσαν
1053 2421 1080 2462 ιο

32 2505 87 2593 τὴν
113 2507 278 2595 πατρικὴν
306 2506 427 2578 ούσίαν
456 2507 677 2596 ἐπαγόμενος,
709 2503 752 2595 ἣν
781 2513 829 2588 είς
854 2506 893 2576 τὸ
920 2505 1039 2576 κοινόν

34 2617 90 2700 ἐφη
117 2619 164 2707 τῷ
192 2620 325 2702 βασιλεῖ
347 2616 404 2690 καὶ
430 2620 471 2705 τῇ
491 2613 663 2703 Ῥωμαίων
691 2613 787 2683 πόλει
814 2616 948 2684 τιθέναι
971 2618 1040 2701 μοί

34 2725 106 2800 ζονα
129 2713 238 2790 οὖσαν
261 2717 283 2808 ἢ
305 2719 376 2789 κατ’
403 2720 543 2808 ἰδιώτην
571 2720 682 2810 ἀνδρα
703 2724 894 2807 κεκτῆσθαι.
939 2718 1040 2808 ἀσμέ-
1059 2725 1080 2790 2

34 2853 95 2908 νως
117 2829 154 2897 δὲ
180 2832 243 2896 τοῦ
265 2829 429 2914 βασιλέως
456 2822 560 2896 αὐτὸν
582 2825 835 2915 ὑποδεξαμένου
863 2829 919 2896 καὶ
942 2854 1038 2896 κατα-

6 2940 236 3022 ’λῖχωρίσαντος
263 2931 331 3023 ἅμα
361 2947 432 3014 τοῖς
461 2937 696 3021 συμπαροῦσιν
728 2930 819 3026 αύτῷ
853 2938 1039 3022 Τυρρηνόν
1053 2953 1080 2995 2⁵

36 3045 76 3121 είς
97 3043 211 3129 φυλήν
233 3067 268 3109 τε
290 3041 346 3109 καὶ
370 3046 553 3129 φρατρίαν,
576 3046 685 3110 οἰκίαν
707 3066 742 3108 τε
765 3039 1040 3122 κατασκευάζεται

37 3218 119 3288 μοσηο.
162 3195 253 3258 ἔπειτ’
275 3195 412 3287 ἐξαίφνης
434 3196 543 3287 ἀνέπτη
566 3196 652 3284 πόλιν
674 3197 734 3254 ἀνω
758 3200 807 3284 καλ
830 3198 872 3262 είς
896 3195 928 3252 τὸ
948 3197 1040 3268 βάθος

37 3272 846 3414 ἶιίόέόρῖἀὶἶιιιῗιτηῗιἔξλῖλίῖεῗοῖίῗοᾚέάλῗά
886 3275 1040 3394 1ίεῖἶῖέῷ

39 3411 167 3471 Βοωλλ
240 3423 275 3470 20
293 3416 397 3484 παρείη
416 3415 505 3470 Βεολ
518 3413 620 3470 Reiske
638 3411 782 3486 παρῄειΒ
853 3419 887 3466 21
906 3404 943 3480 ἣν
962 3409 1039 3474 είςΒ

40 3485 81 3538 καὶ
97 3485 138 3550 ἐίς
154 3489 180 3543 Α
249 3491 283 3542 24
302 3481 554 3555 καταχωρήσαυτος
572 3485 597 3539 Α
665 3491 699 3540 26
714 3481 843 3553 φράτραν
862 3482 1004 3552 Kiessling
