2408 3928
48 385 286 472 γεγενημένην,
315 383 374 454 ἐὰν
403 383 447 476 μὴ
475 382 557 454 κατὰ
585 381 665 464 τοῦς
694 381 806 471 ίεροδς
834 382 915 473 δόξη
938 389 1058 475 πεπρά-

47 499 125 577 χθαι
153 489 296 579 νόμους,
324 489 476 580 ἀκυροῦν
507 493 563 560 καλ
590 489 649 571 τὰς
682 495 750 560 τῦν
778 495 973 579 στρατηγῶν
1000 517 1062 560 πα-

48 603 222 684 ρανομίαις,
255 595 332 667 ὅσαι
364 603 445 684 περί
471 625 507 667 τε
536 596 659 687 ῦρκονς
689 598 746 666 καὶ
779 598 930 678 σπονδὰς
957 601 1061 668 ἐπιτε-

47 708 198 791 λοῦνται,
223 702 508 791 διαγινώσκοντας
530 700 773 791 ἀφοσιοῦσθαι,
801 703 878 793 περί
905 695 954 773 όν
976 705 1060 774 κατὰ
1192 728 1193 794 γ

48 810 121 891 τοῦς
150 815 296 890 οἰκείους
321 809 462 900 καιροῦς
487 809 670 898 ποιήσομαι
697 836 760 880 τον
788 810 901 898 λόγον.
951 809 991 880 τά
1023 777 1095 906 δὲξ5
1192 801 1193 882 f

49 918 116 1007 περὶ
139 915 201 998 τὰς
222 919 454 1006 ἐπικηρικιείας
480 915 537 986 ὑπ’
563 914 678 986 αὐτόν
708 917 888 1005 γινόμενα,
916 917 970 988 ὅτε
998 917 1061 1007 τὴν

49 1025 192 1108 δόξασαν
215 1021 346 1094 ἀδικεῖν
364 1022 464 1094 πόλιν
489 1029 616 1093 αἰτοῖεν
640 1028 735 1105 δίκας
755 1021 867 1114 (ἀξιον
886 1023 952 1113 γάρ
976 1025 1061 1113 μηδὲ
1193 1034 1194 1118 λ

9 1130 141 1200 εενταῦτ’
167 1129 306 1220 ἀγνοεῖν
328 1128 411 1200 κατά
435 1129 565 1218 πολλὴν
588 1135 755 1219 φροντίδα
778 1135 848 1200 τόν
877 1129 982 1202 ὁσίων
1004 1134 1061 1200 καλ
1101 1155 1113 1294 χ
1136 1207 1162 1220 κ

52 1243 184 1308 δικαίων
201 1237 379 1326 γινόμενα)
397 1242 536 1307 τοιαῦτα
555 1239 761 1327 παρέλαβον·
786 1234 833 1320 εἰς
851 1238 913 1327 μὲν
937 1240 974 1308 ἐκ
990 1241 1059 1308 τεόν

53 1348 282 1433 εἰρηνοδικῶν,
311 1341 352 1414 δν
380 1348 417 1414 οί
442 1345 555 1414 λοιποὶ
585 1352 873 1434 προχειρίσαιντο,
900 1365 1060 1434 κεκοσμη·
1075 1371 1101 1411 ιο

50 1454 142 1539 γένος
169 1454 289 1540 ἐσθῆτι
314 1452 370 1520 καί
400 1451 594 1540 φορήμασιν
618 1455 737 1541 ἱεροῖς,
766 1455 823 1522 ἵνα
851 1451 1012 1540 διάδηλος
1038 1445 1060 1542 ᾗ

50 1558 131 1648 ταρά
159 1558 241 1640 τοῦς
268 1547 407 1645 ἀλλους,
436 1564 484 1640 εἰς
511 1559 573 1647 τὴν
601 1564 670 1628 τόν
693 1558 905 1630 ἀδικούντων
928 1565 1060 1648 παρεγί-

49 1693 119 1736 νετο
147 1665 264 1736 πόλιν·
296 1665 430 1746 ἐπιστὰς
459 1665 497 1736 δὲ
524 1681 595 1746 τοῖς
623 1664 730 1757 ὁρίοις
756 1665 817 1736 τόν
844 1693 879 1735 τε
908 1671 977 1735 Δία
1004 1667 1060 1734 καλ

49 1772 122 1855 τοῦς
144 1772 269 1853 ἀλλους
291 1775 479 1842 ἐπεκαλεῖτο
497 1771 602 1853 θεούς
619 1772 872 1862 μαρτυρόμενος
891 1771 942 1842 ότι
966 1776 1061 1852 δίκας

51 1884 147 1950 αἰτῶν
168 1879 242 1967 ἥκει
264 1881 339 1967 περὶ
362 1883 420 1967 τῆς
438 1877 612 1968 Ῥωμαίων
633 1880 773 1961 πόλεως·
799 1885 909 1950 ἔπειτα
933 1878 1060 1968 όμόσας

50 1983 98 2054 ὅτι
122 1985 205 2075 πρὸς
232 1985 416 2057 ἀδικοῦσαν
445 1991 575 2076 ἔρχεται
601 1987 702 2057 πόλιν
730 1987 786 2056 καί
814 1984 898 2077 ἀρὰς
924 1985 983 2067 τὰς
1004 2011 1059 2073 με-

49 2099 156 2179 γίστας
187 2098 220 2163 εἰ
249 2093 410 2176 ψεύδοιτο
443 2093 695 2183 ἐπαρασάμενος
727 2094 833 2187 ἑαντςῦ
867 2119 902 2162 τε
933 2094 989 2162 καλ
1018 2096 1059 2182 τῇ

47 2196 163 2290 Ῥόμγ,
189 2196 259 2269 τότ’
285 2199 380 2281 ἐντὸς
406 2199 459 2290 ᾔει
486 2203 555 2270 τῶν
578 2197 681 2290 όροεν·
715 2205 826 2268 ἔπειτα
849 2197 916 2293 ότμ
939 2200 1058 2292 πρότφ

51 2307 212 2395 περιτύχοι
235 2311 357 2376 τοῦτον
376 2307 696 2396 ἐπιμαρτυρόμενος,
715 2315 780 2376 εῖτε
798 2308 867 2376 τόν
890 2305 1058 2394 ἀγροίκων

52 2421 110 2482 εἴτε
129 2417 197 2484 τῦν
220 2417 402 2484 πολιτικόν
420 2422 484 2501 εἰη,
507 2415 563 2483 καὶ
585 2411 645 2494 τάς
662 2411 767 2494 αύτάς
789 2412 952 2501 προσθεὶς
975 2409 1059 2501 ἀρὰς
1072 2437 1099 2477 ιο

53 2517 126 2608 πρὸς
146 2519 210 2607 τὴν
233 2518 333 2589 πόλιν
355 2518 471 2613 ρ’όχετο,
487 2513 577 2612 κᾷτα
595 2522 677 2609 πρὶν
699 2525 746 2601 εἰς
768 2518 831 2609 τὴν
854 2518 955 2588 πόλιν
977 2542 1059 2607 παρ-

54 2633 156 2696 ελθεῖν
182 2627 245 2695 τὸν
272 2626 433 2714 πυλωρὸν
459 2622 481 2715 ἢ
509 2627 568 2696 τὸν
595 2631 730 2715 πρῶτον
759 2624 998 2714 ἀπαντήσαντα
1021 2628 1059 2694 ἐν
1114 2629 1117 2636 ’

471 226 635 280 -B-

1076 1853 1093 1915 7

1074 1938 1100 1979 16

53 2746 114 2814 ταῖς
138 2732 260 2814 πύλαις
285 2733 346 2802 τδν
379 2731 485 2804 αῦτδν
515 2733 644 2821 τρόπον
675 2732 984 2822 ἐπιμαρτυρόμενος
1011 2735 1059 2811 εἰς

54 2836 106 2926 τὴν
131 2838 259 2930 ἀγοράν
286 2839 420 2930 προῄει·
453 2843 523 2910 ἐκεῖ
549 2840 586 2908 δὲ
614 2838 780 2920 καταστάς
806 2852 878 2920 τοῖς
905 2841 943 2908 ἐν
971 2839 1058 2906 τέλει

55 2947 117 3034 τερλ
139 2939 188 3016 ἀν
211 2944 287 3034 ἥκοι
315 2947 480 3034 διελέγετο
508 2951 659 3035 πανταχῇ
688 2946 769 3026 τούς
797 2973 832 3016 τε
856 2943 979 3032 όρκους
1001 2945 1098 3012 κολα

56 3049 102 3131 τίις
122 3051 204 3141 ἀράς
227 3059 430 3143 προστιθείς.
476 3057 508 3121 εἰ
529 3053 591 3141 μὲν
614 3044 677 3123 οῦν
700 3050 856 3140 ὑπέχοιεν
879 3050 939 3132 τάς
962 3047 1092 3132 δίκας8
1134 3111 1139 3120 .

106 3203 129 3266 '1
146 3209 316 3358 πεπρμίχδαι
334 3213 411 3269 ΑΒα
489 3207 614 3268 δῦτεΒ
638 3207 752 3268 &arft
833 3209 1102 3282 9γενόμεναΒ-

59 3285 83 3335 10
99 3304 220 3355 προ.χει
259 3283 431 3358 ί>οαιντοΒ
510 3289 542 3339 11
563 3281 704 3354 διαδήλας
721 3283 769 3338 Ba
848 3289 881 3337 14
900 3281 1056 3352 μαρτνρού·

58 3370 127 3436 μενος
139 3355 161 3408 Β
180 3351 393 3444 μαρτυρόμενος
408 3355 576 3438 del3Garrer
586 3355 651 3411 obs.
661 3373 689 3438 ρ.
700 3360 735 3438 δῦ
751 3358 755 3422 l
772 3356 854 3415 δίκας
869 3351 999 3427 (abiah
1014 3355 1036 3407 B
1049 3355 1053 3427 λ

58 3443 101 3493 ηιη
117 3427 138 3480 Β
153 3430 157 3498 Ι
172 3429 250 3501 περλ]
269 3426 343 3497 οπλρ
360 3425 498 3494 Hertlem,
514 3425 603 3482 Cobet
623 3427 738 3482 Re1sk1o
758 3429 886 3492 auctor03
906 3426 941 3479 cf.
960 3423 1056 3496 Tegge

60 3493 155 3560 Quam.
174 3498 280 3554 donau
299 3513 394 3568 praep.
413 3516 441 3567 p.
463 3503 494 3552 11
515 3500 573 3553 not.

465 3593 471 3602 '
840 3583 894 3638 17*
