2412 3912
145 229 189 293 80
571 231 736 284 -A-

144 390 321 474 συγγενές·
355 386 526 479 Δαρδάνῳ
549 385 614 475 γάρ
643 394 689 481 τῷ
715 386 800 469 Διὸς
822 390 878 456 καὶ
899 385 1069 476 Ἠλέκτρας
1086 391 1168 473 τήςαυ

140 491 352 574 Ἀτλαντίδος
380 494 444 562 δύο
470 501 631 582 γενέσθαι
659 498 765 582 φασὶν
793 497 828 564 ἐκ
856 500 996 574 Βατείας
1026 497 1137 577 παῖδας,

146 600 330 669 Ζάκυνθόν
362 627 397 669 τε
429 602 485 669 καὶ
515 599 752 689 Ἐριχθόνιον,
790 593 839 670 νῦν
872 599 889 669 ὁ
923 600 985 688 μὲν
1019 605 1137 669 Αἰνείου

144 707 312 796 τρόγονος
333 699 389 795 ἦν,
405 707 585 788 Ζάκυνθος
604 708 641 776 δὲ
663 711 723 795 τῆς
736 709 846 796 νήσου
867 714 1015 794 κτίστης·
1036 707 1138 792 ταύτης

115 833 178 885 ὅτε
211 813 252 902 δή
285 818 345 902 τής
376 820 573 901 συγγενείας
608 813 795 904 ἀναμνήσει
831 817 886 883 καί
919 812 1139 903 φιλοφροσύνῃ

141 927 210 991 τῶν
240 923 427 1010 ἐπιχωρίων
457 927 685 1010 διατρίβοντες
712 921 836 991 αὐτόθι
862 923 918 990 καὶ
941 921 1010 1010 ἅμα
1038 920 1141 1010 άτλοίη

141 1027 395 1116 κατειργόμενοι
436 1027 586 1097 θύουσιν
624 1027 805 1119 Ἀφροδίτῃ
845 1028 930 1117 πρὸς
974 1033 1022 1120 τῷ
1062 1053 1142 1096 κατα-

144 1137 365 1204 σκευασθέντι
394 1139 472 1228 ίερῷ
500 1143 644 1222 θυσίαν,
672 1132 716 1223 ἣν
744 1141 791 1216 είς
818 1136 896 1205 τόδε
924 1136 1053 1224 χρόνον
1078 1153 1142 1201 συν-

102 1277 129 1316 10
142 1245 277 1312 τελοῦσι
303 1245 402 1331 κοινή
436 1242 639 1327 Ζακύνθιοι,
666 1244 722 1310 καὶ
750 1240 866 1328 άγῶνα
893 1247 1053 1310 κοιοῦσιν
1080 1237 1144 1326 ἐφή-

143 1356 218 1437 βοις
239 1352 308 1417 τῶν
330 1375 365 1417 τε
387 1346 500 1416 άλλων
524 1345 769 1436 ἀγωνισμάτων
798 1349 854 1416 καὶ
878 1347 1028 1436 δρόμον·
1059 1346 1094 1416 τό
1116 1346 1143 1412 δὲ

142 1453 341 1544 νικητήριον
369 1453 388 1523 ὁ
411 1460 542 1543 πρῶτος
564 1454 677 1525 ἐλθόν
706 1461 753 1536 είς
775 1454 836 1524 τὸν
863 1452 952 1523 νειὸν
976 1454 1145 1543 λαμβάνει·

143 1564 274 1649 λέγεται
307 1563 423 1630 δδί
376 1567 518 1631 Αίνείου
553 1564 609 1630 καὶ
638 1560 884 1650 Ἀφροδίτης
870 1590 888 1630 ο
922 1560 1069 1649 δρόμος,
1102 1560 1146 1628 καὶ

100 1667 251 1752 4ξόανα
273 1667 402 1737 τούτων
428 1670 563 1756 εστηκευ
587 1665 797 1756 ἀμφοτέρων.
843 1671 975 1736 ἐκεῖθεν
1001 1668 1041 1737 δὲ
1063 1666 1147 1736 κελά-
1193 1687 1194 1780 ή

103 1808 129 1849 τι
143 1802 221 1863 γιον
244 1772 466 1861 ποιησάμενοι
488 1774 549 1843 τὸν
572 1779 681 1843 ττλοῦν
705 1780 752 1854 είς
767 1773 924 1842 Λευκάδα
946 1775 1150 1862 κατάγονται,
1193 1785 1194 1824 ³

142 1880 352 1968 κατεχόντων
386 1886 434 1949 ἔτι
465 1878 503 1949 τὸ
536 1887 662 1969 χωρίον
691 1879 917 1969 Ἀκαρνάνων.
961 1880 1026 1949 κάν
1057 1880 1149 1965 ταύιη

142 1987 244 2057 πάλιν
268 1985 361 2075 ίερὸν
373 1987 572 2075 Ἀφροδίτης
600 1987 776 2075 ίδρύονται
799 1990 911 2073 τοῦτο,
935 1983 953 2055 ὃ
977 1992 1046 2055 νῦν
1071 1989 1151 2055 ἐστιν
1194 1995 1195 2050 ί

143 2097 180 2163 ἐν
212 2098 252 2182 τή
280 2097 395 2182 νησῖδι
425 2097 465 2182 τή
493 2091 615 2180 μεταξύ
645 2097 707 2162 τοῦ
732 2092 926 2182 Διορύκτου
952 2120 988 2163 τε
1014 2095 1073 2162 καί
1102 2095 1152 2178 τής

141 2199 286 2284 πόλεως,
316 2206 463 2267 καλεῖται
495 2199 532 2267 δὲ
556 2198 756 2288 Ἀφροδίτης
779 2200 968 2280 Αἰνειάδος.
1014 2199 1189 2288 άραυτεςωτ

102 2339 128 2380 νο
144 2307 181 2375 δὲ
211 2304 359 2384 αύτύθεν
390 2308 447 2374 ἐττί
472 2331 507 2374 τε
526 2303 662 2374 ’Ἀκτιον
693 2306 853 2388 ἐλθόντες
882 2305 1078 2395 ὁρμίζονται
1099 2310 1154 2374 τοῦ

139 2413 361 2502 Ἀμβρακικοῦ
392 2411 522 2480 κόλπου
553 2411 636 2499 πρὸς
667 2411 705 2481 τὸ
734 2412 952 2502 ἀκρωτήριον.
998 2413 1155 2482 κάκεῖθεν

142 2525 189 2600 είς
209 2518 412 2607 Ἀμβρακίαυ
435 2514 661 2605 άφικνοῦυται
679 2519 790 2605 πόλιν,
813 2511 856 2606 ἧς
877 2520 1155 2607 ἐβασίλευεν”Αμ

141 2628 226 2713 βραξ
259 2622 277 2692 ὁ
311 2626 508 2712 Δεξαμενοῦ
538 2629 600 2693 τοῦ
627 2623 845 2713 Ἡρακλέους,
877 2627 933 2694 καὶ
960 2623 1157 2695 ὑπολείπον-

141 2759 196 2800 ται
225 2731 408 2818 ἑκατέρωθι
436 2746 581 2818 μνημεῖα
607 2736 666 2818 τής
693 2730 853 2819 άφίξεως·
888 2734 924 2802 ἐν
949 2731 1066 2825 Ἀκτίφ
1099 2732 1156 2821 μὲν

102 2867 129 2910 ετ
139 2837 338 2925 Ἀφροδίτης
361 2837 543 2918 Αἰνειάδος
570 2837 663 2926 ίερὸν
686 2839 742 2906 καὶ
769 2845 912 2925 ττλησίον
936 2837 1042 2908 αύτοῦ
1065 2844 1158 2908 θεῶν

143 2943 309 3034 μεγάλων,
332 2939 353 3011 ά
376 2945 432 3014 καὶ
456 2949 503 3025 είς
527 2945 583 3033 ἐμὲ
605 2937 667 3032 ήν·
692 2946 729 3013 ἐν
744 2944 782 3013 δὲ
802 2944 983 3037 Ἀμβρακίᾳ
1006 2946 1103 3034 ίερόν
1127 2971 1159 3014 τε

141 3055 200 3138 τής
224 3049 326 3137 αύτής
352 3055 439 3119 θεοῦ
461 3053 516 3119 καὶ
544 3049 657 3139 ήρῶου
681 3056 822 3120 Αίνείου
848 3059 993 3139 πλησίον
1019 3057 1084 3121 τοῦ
1109 3080 1159 3140 μι-

141 3161 226 3247 κροῦ
248 3155 408 3245 θεάτρου,
432 3159 469 3224 ἐν
493 3148 520 3248 ᾧ
543 3159 598 3225 καὶ
622 3157 747 3240 ξόανον
771 3156 891 3246 μικρὸν
915 3154 1080 3246 άργαίκύν
1102 3162 1162 3226 Αί-

215 3357 279 3405 ὅτε
299 3345 336 3419 δὴ
355 3350 411 3405 ΑΒ
405 3369 459 3438 γε
478 3347 557 3440 δήο.
576 3353 713 3407 Bucheler
786 3357 819 3408 18
837 3353 887 3407 τοῦ
908 3349 1057 3422 μεταξύΑ
1128 3359 1161 3408 21

143 3417 293 3491 άμτιραξΒ
344 3426 378 3474 26
377 3413 446 3506 ήν]
460 3423 649 3506 διεμεννενο.
669 3423 771 3478 Reiske
826 3431 859 3478 2⁷
879 3426 1036 3494 τλησίον-
1003 3423 1163 3480 -αίυείου

144 3509 199 3546 om.
219 3491 241 3543 Β
314 3485 385 3545 λ’ίά
367 3487 489 3561 αγαικὸν
517 3493 542 3547 Δ
