2412 3912
152 213 195 280 32
574 208 741 262 -Ᾱ-

151 395 186 443 σι
221 377 280 460 τῆς
317 371 436 453 ἐξόδου
479 370 720 459 στρατεύουσιν
762 369 816 439 ἐπὶ
853 367 934 450 τοὺς
970 363 1155 455 Ὀμβρικοὺς

150 483 206 550 καὶ
229 480 330 549 πόλιν
353 476 465 548 αὐτῶν
488 476 673 566 εὐδαίμονα
693 477 750 546 καὶ
769 475 919 565 μεγάλην
942 473 1042 563 ἀφνω
1065 495 1155 561 προσ-

149 586 308 666 πεσόντες
334 589 470 673 αίροὺσι
492 584 677 672 Κρότωνα·
702 582 807 672 ταότη
835 587 991 675 φρονρίφ
1019 583 1075 650 καί
1098 584 1156 649 ἐπι-

149 700 333 782 τειχίσματι
360 692 442 762 κατὰ
469 695 539 762 τῶν
562 690 748 779 Ὀμβρικῶν
778 689 961 778 χρῶμενοι,
993 707 1157 758 κατεσκευ

122 803 279 890 δασμένη
302 827 338 869 τε
366 796 411 880 ῶς
439 804 545 887 ἔρυμα
572 797 659 867 εἶναι
686 798 836 885 πολέμου
860 794 1086 883 ἀποχρώντως
1111 794 1158 862 καὶ

149 907 264 996 χῶραν
287 905 409 995 έχούση
432 903 495 992 τὴν
516 906 611 991 πέριξ
633 902 791 991 εὔβοτον,
814 906 951 972 πολλῶν
974 902 1030 970 καί
1053 899 1159 970 ἀλλων

149 1013 336 1100 ἐκράτησαν
365 1017 500 1100 χωρίων
528 1025 599 1090 τοῖς
627 1037 662 1079 τε
682 1008 866 1097 Ἀβοριγῖσι
892 1007 954 1078 τὸν
976 1007 1062 1095 πρὸς
1088 1006 1159 1086 τοὺς

150 1116 315 1198 Σικελοὺς
349 1117 497 1206 πόλεμον
534 1123 582 1186 ἔτι
618 1122 810 1186 συνεστῶτα
846 1120 953 1206 πολλῇ
990 1121 1160 1202 προθυμίᾳ

152 1226 396 1310 συνδιέφερον,
427 1225 489 1303 ἕως
511 1223 675 1309 ἐξήλασαν
698 1221 822 1303 αὑτοὺς
850 1224 886 1291 ἐκ
914 1225 974 1309 τῆς
996 1224 1160 1309 σφετέρας.
1194 1239 1195 1304 3

43 1321 58 1334 “
109 1317 137 1448 3⁷³⁰
149 1334 207 1402 καὶ
229 1330 343 1411 πόλεις
364 1327 503 1414 πολλὰς,
532 1327 591 1410 τάς
613 1329 675 1418 μὲν
700 1331 901 1416 οἰκουμένας
921 1328 978 1396 καὶ
1000 1327 1196 1470 πρότερονιρ

150 1437 217 1509 ὑπὸ
248 1442 316 1506 τῶν
349 1440 522 1522 Σικελῶν,
553 1433 612 1516 τάς
648 1433 684 1502 δ’
720 1433 816 1504 αὐτοὶ
847 1433 1162 1518 κατασκευάσαντες,

150 1544 265 1638 ᾤκουν
290 1547 324 1612 οί
345 1543 515 1628 Πελασγοί
537 1545 635 1630 κοινῇ
659 1539 831 1629 μετὰτῶν
852 1539 1092 1628 Ἀβοριγίνων,
1119 1532 1162 1608 ῶν

151 1654 242 1720 ἐστιν
265 1647 287 1736 ἥ
307 1675 342 1718 τε
355 1651 581 1737 Καιρητανῶν
603 1647 711 1734 πόλις,
723 1647 874 1734 ’Ἀγνλλα
893 1647 931 1716 δὲ
948 1646 1023 1716 τότε
1046 1656 1163 1716 καλου·

152 1757 252 1843 μόνη,
281 1757 336 1823 καλ
359 1761 451 1823 Πίσα
478 1755 533 1823 καὶ
555 1761 729 1842 Σατορνία
756 1757 812 1824 καί
825 1753 966 1823 ’Ἀλσιον
989 1755 1047 1823 καὶ
1069 1752 1163 1822 ἄλλαι
1196 1791 1197 1800 ¹

112 1881 138 1923 1⁵
151 1861 252 1947 τινες,
275 1857 315 1940 ἀς
337 1857 403 1946 ἀνά
426 1861 553 1948 χρόνον
575 1859 641 1930 ὑπό
668 1865 855 1950 Τυρρηνῶν
878 1859 1115 1951 ἀφῃρέθησαν.

241 1968 327 2034 XXI.
360 1970 528 2054 Φαλέριον
552 1968 589 2038 δὲ
621 1971 676 2038 καί
707 1971 918 2037 Φασκέννιον
947 1973 996 2037 έτι
1027 1969 1086 2036 καὶ
1123 1971 1165 2046 είς

151 2073 209 2162 ἐμὲ
233 2065 320 2161 ἦσαν
350 2072 545 2160 οίκοόμεναι
571 2071 636 2142 ὑπὸ
661 2073 850 2161 Ῥωμαίων,
873 2072 964 2162 μίκρ’
990 2072 1074 2144 ἀττα
1098 2079 1165 2143 δια·
1197 2061 1198 2122 δ

152 2179 318 2263 σώζουσαι
346 2178 479 2267 ζῶπνρα
505 2184 567 2248 τοῦ
603 2184 817 2266 Πελασγικοῦ
849 2183 990 2267 γένους,
1014 2185 1166 2251 Σικελῶν

150 2285 363 2378 ὑπάρχουσαι
398 2286 572 2373 πρότερον.
631 2289 668 2356 ἐν
704 2288 841 2369 ταύταις
878 2290 1024 2376 διέμεινε
1061 2284 1167 2358 πολλὰ

111 2399 222 2464 κοτῶν
251 2392 401 2482 ἀρχαίων
435 2393 680 2481 διαιτημάτων,
712 2389 765 2474 οἷς
792 2392 831 2463 τὸ
856 2391 1058 2481 Ἑλληνικόν
1089 2392 1166 2463 ποτ’

152 2499 323 2588 ἐχρήσατο,
346 2501 400 2568 ἐπὶ
423 2499 583 2587 μήκιστον
606 2499 744 2587 χρόνον,
768 2495 842 2569 οἷον
867 2498 937 2570 ὅτε
959 2505 1029 2570 τῶν
1054 2499 1169 2571 ὅπλων

151 2610 221 2675 τῶν
252 2611 521 2693 πολεμιστηρίων
553 2605 697 2694 κόσμος,
729 2605 867 2688 ἀσπίδες
891 2606 1082 2697 Ἀργολικαὶ
1111 2610 1171 2676 καὶ

153 2712 291 2802 δόρατα,
313 2711 370 2779 καὶ
393 2708 492 2781 ὁπότε
514 2713 663 2799 πολέμου
685 2709 845 2800 ἄρχοντες
867 2709 887 2800 ἢ
910 2712 990 2794 τοὺς
1013 2714 1172 2793 ἐπιόντας

151 2815 362 2906 ἀμυνόμενοι
385 2817 535 2905 στρατὸν
550 2816 733 2906 ὑπερόριον
751 2816 988 2889 ἀποστέλλοιεν
1012 2824 1104 2910 ίεροί
1121 2849 1172 2890 τι-

111 2944 138 2988 2⁵
152 2918 214 3006 νες
235 2922 358 3013 ἀνδρες
384 2923 528 2993 ἀνοπλοι
554 2923 618 3013 πρὸ
648 2928 717 2994 τῶν
744 2924 858 2994 ἀλλων
886 2926 996 3007 ίόντες
1022 2931 1173 2997 σπονδο-

225 3115 362 3186 1έξόδου
388 3120 410 3173 Β
448 3115 579 3187 διεξόδου
602 3121 628 3174 R
699 3127 716 3176 3
740 3122 869 3191 αίρουαιν
892 3124 918 3176 A
959 3123 1072 3193 αἴρουσι
1095 3125 1171 3191 Βεελ

151 3188 242 3265 ταὺτη
262 3190 294 3247 δὲ
322 3209 345 3247 ο.
368 3190 473 3247 Reinke
558 3189 703 3254 ὖτέωςΒ
791 3199 823 3246 11
847 3187 898 3256 τάς
921 3189 947 3248 δ’
972 3195 995 3250 Β
1021 3190 1073 3258 τάς
1092 3192 1123 3249 δὲ
1146 3195 1175 3248 R

190 3271 223 3320 13
242 3263 469 3332 καιριτανῶνΒΙ
494 3257 598 3317 &vona
611 3262 637 3316 A
659 3256 792 3318 ἀτνλαΒ
848 3269 880 3318 17
900 3257 1020 3320 ἀτταιΒ
1076 3272 1109 3321 19
1130 3261 1173 3334 δὴ

152 3334 277 3404 διένειμε
301 3328 389 3388 πολλὰ
412 3333 469 3388 τῶν
492 3327 648 3401 ἀργολικῶν
671 3349 695 3387 ο.
714 3334 816 3390 Βελελιε
894 3341 926 3390 21
951 3331 1054 3405 χρόνον
1084 3336 1176 3392 Gras-

152 3404 253 3474 berger
276 3403 352 3460 Τεεε.
380 3401 495 3474 Herbip.
520 3421 547 3473 p.
574 3409 607 3458 22
688 3409 724 3460 24
745 3400 900 3474 ὑπερόριον
922 3404 1066 3477 Kiessling
1093 3402 1176 3476 ὑπὲρ

153 3473 211 3527 τῶν
229 3468 304 3542 ὅρων
324 3474 346 3529 0
365 3469 439 3542 ὑπὲρ
457 3470 524 3536 τοὺς
543 3467 627 3542 ὅρους
644 3473 745 3529 Βείιλιε
