2396 3918
152 222 216 288 146
575 225 742 278 -A-

147 385 428 471 ἐπισημαίνουσιν
451 383 485 465 ἓξ
508 379 574 450 ἀπὸ
597 385 666 451 τῶν
690 382 812 464 δεξιῶν
833 381 1021 466 πετόμενοι.
1065 377 1146 448 καὶὸ
1197 378 1198 397 ²

148 490 211 579 μέν
239 488 325 558 ίδῶν
350 487 431 570 τοὺς
458 487 603 577 ὄρνιθας
634 485 817 579 περιχαρής
848 489 995 575 ἐγένετο,
1028 483 1094 575 μετ’
1116 485 1147 555 οό

147 594 235 665 πολύ
263 595 301 665 δὲ
329 599 365 665 οί
384 595 475 685 παρὰ
501 599 564 664 τοῦ
585 592 759 683 Ῥωμύλον
786 599 996 683 πεμφθέντες
1024 593 1148 680 ἀνασιη-
1197 672 1198 675 ¹

108 707 131 771 4
150 722 268 784 σαντες
290 700 396 773 αὐτόν
419 700 565 790 ἄγουσιν
584 702 637 771 ἐπὶ
659 699 697 771 τὸ
717 701 941 772 Παλλάντιον.
983 703 1054 770 ἐπεὶ
1071 700 1149 770 δὲέν
1197 720 1198 725 ’

100 839 121 881 ε
147 814 194 903 τῶ
218 808 308 903 αὐτῷ
332 810 490 897 έγένοντο
513 806 612 898 ἤρετο
632 809 695 896 μέν
717 807 777 878 τόν
796 807 969 898 Ῥωμύλον
992 806 1011 878 ὁ
1031 806 1150 896 Ῥῶμος,
1196 891 1197 894 ¹

148 913 304 997 ούςτινας
323 912 468 997 οίωνοὺς
491 919 560 985 ίδοι
578 915 750 1004 σιμότερος,
775 913 794 986 ὁ
817 916 856 985 δὲ
875 919 912 985 έν
934 913 1052 1007 ἀπόρφ
1073 922 1197 1002 yla-22⁵*

147 1049 203 1092 ται
227 1021 246 1092 ό
268 1049 300 1092 τι
324 1021 553 1112 ἀποκρίναιτο.
595 1026 632 1092 έν
652 1022 691 1091 δὲ
708 1023 818 1114 τούτῳ
843 1021 973 1092 δῶδεκα
992 1027 1093 1110 γῶπες
1114 1031 1152 1090 αί-

149 1150 218 1199 σιοι
240 1130 420 1219 πετόμενοι
442 1129 628 1218 ῶφδησαν,
653 1126 714 1211 οὓς
737 1128 822 1200 ίδῶν
840 1139 965 1219 θαρρεῖ
985 1156 1021 1198 τε
1043 1132 1152 1221 καὶτῷ

143 1236 259 1329 Ῥῶμφ
293 1240 403 1321 δείξας
434 1240 539 1325 λέγει,
573 1243 616 1306 Τί
646 1234 712 1326 γάρ
738 1234 847 1319 ἀξιοῖς
872 1236 913 1305 τά
940 1236 1044 1306 πάλαι
1072 1237 1154 1325 γενό-

110 1373 138 1412 ιο
150 1370 235 1432 μενα
259 1355 398 1433 μαθείνς
421 1344 539 1426 τούςδε
561 1341 627 1434 γὰρ
651 1342 780 1432 δήπου
801 1344 882 1425 τοὺς
905 1342 1049 1425 οἰωνούς
1068 1342 1156 1423 αὐτὸς

149 1448 238 1544 ὁρᾷς.
289 1454 307 1522 ὁ
340 1451 378 1521 δέ
413 1447 596 1539 ἀγανακτεῖ
632 1478 668 1521 τε
705 1451 761 1519 καὶ
799 1449 894 1520 δεινά
932 1465 1090 1538 ποιεῖται,
1121 1448 1156 1531 ῶς

150 1559 372 1648 διηρτημένος
402 1555 461 1627 ὑπ’
491 1556 615 1645 αὐτοῦ,
646 1561 705 1646 τῆς
740 1583 776 1626 τε
809 1555 965 1638 ἀποικίας
997 1554 1038 1627 ού
1066 1558 1156 1645 μεθή-

150 1675 273 1734 σεσθαι
296 1663 387 1757 αύτῷ
411 1682 526 1754 φησιν.

240 1773 437 1841 LXXXVII.
470 1769 659 1841 Ἀνίσταται
686 1770 728 1858 δὴ
757 1773 794 1840 ἐκ
819 1770 944 1840 τούτου
967 1778 1088 1859 μείζων
1109 1776 1159 1858 τῆς

111 1905 139 1945 ιι
152 1880 315 1969 προτέρας
347 1884 416 1967 έρις
446 1879 606 1969 ἑκατέραν
632 1876 671 1948 τὸ
697 1879 800 1948 πλέον
834 1883 922 1967 ἔχειν
948 1876 1091 1967 ἀφανῶς
1121 1881 1159 1946 δι-

151 1986 369 2073 καιουμένου,
391 1983 430 2054 τό
444 1985 483 2054 δέ
496 1984 541 2073 μὴ
557 1993 653 2073 μείου
668 1982 872 2072 ἀναφανδὸν
886 1984 951 2055 ἀπὸ
966 1983 1161 2064 δικαιώσεως

150 2096 285 2172 τοιάςδε
304 2092 597 2172 ἐπισννάπτοντος.
629 2094 811 2182 εἰρημένον
828 2090 894 2181 γάρ
911 2084 955 2180 ἦν
974 2089 1091 2173 αύτοίς
1104 2089 1161 2161 ὑπό

150 2203 212 2268 τοῦ
231 2200 493 2288 μητροπάτορος,
516 2196 582 2291 ότφ
603 2195 648 2267 ἀν
670 2200 819 2290 προτέρῳ
840 2205 1009 2286 κρείττους
1032 2198 1164 2288 όρννδες
1196 2239 1197 2272 1

152 2305 395 2393 ἐπισημήνωσι,
417 2315 541 2375 τοῦτον
564 2303 679 2394 ἀρχειν
705 2307 763 2393 τῆς
787 2303 946 2386 ἀποικίας.
989 2306 1113 2393 γένους
1135 2305 1165 2373 δὲ

112 2437 140 2477 το
154 2408 307 2502 ὀρνίθων
337 2412 414 2493 ἑνός
441 2410 572 2501 ἀμφοίν
595 2411 765 2501 ὀφθέντος
793 2409 811 2481 ὁ
835 2411 897 2500 μὲν
924 2417 970 2505 τῶ
994 2419 1163 2500 πρότερος,
1195 2473 1196 2478 ,

152 2517 231 2588 ὁδὶ
257 2524 303 2613 τῷ
334 2524 471 2599 πλείους
502 2523 589 2588 ίδείν
617 2521 826 2608 ἐκρατύνετο.
872 2519 1108 2607 συνελάμβανε
1136 2519 1167 2585 δὲ
1195 2569 1196 2580 .

152 2623 268 2706 αὐτοῖς
294 2631 354 2714 τῆς
382 2632 592 2715 φιλονεικίας
617 2626 673 2695 καὶ
700 2624 739 2694 τὸ
767 2624 850 2694 ἀλλο
880 2630 1011 2714 πλῆθος
1034 2616 1120 2716 ἦρξέ
1139 2651 1168 2693 τε

152 2733 302 2819 πολέμου
334 2736 410 2820 δίχα
441 2738 510 2803 τῶν
538 2731 718 2821 ἡγεμόνων
746 2730 925 2821 ὁπλισθέν,
957 2733 1013 2801 καὶ
1044 2739 1170 2820 γίνεται

114 2837 243 2926 2μάηη
266 2837 409 2929 καρτερά
432 2840 489 2907 καί
511 2841 619 2926 φόνος
642 2841 674 2922 έξ
697 2838 827 2929 ἀμφοῖν
849 2840 962 2921 πολύς.
1006 2842 1045 2908 έν
1067 2839 1170 2930 ταύτη

227 3005 243 3053 6
271 2993 357 3062 ὅσους
383 2995 463 3061 τινάς
490 3001 537 3055 vel
565 2995 690 3064 ὁπόσους
717 2996 797 3064 τινάς
825 3019 848 3055 ο,
871 3001 973 3056 Reiske
1056 3006 1072 3055 9
1099 3001 1172 3071 λέγει
1194 3023 1195 3068 η

155 3069 253 3135 δείξας
279 3065 347 3131 τούς
374 3067 619 3142 <ο>ίων..οόςΒ
705 3077 738 3128 12
767 3072 977 3144 διηπατημένος
1005 3088 1029 3126 ο.
1057 3069 1195 3158 Madvig}

155 3140 227 3196 Λᾶν.
246 3140 260 3194 Ι
278 3159 305 3211 p.
326 3145 378 3195 726
452 3145 486 3194 14
504 3141 579 3197 δὲΒ
652 3146 685 3197 15
703 3139 736 3198 τὸ
757 3143 779 3198 0
799 3143 849 3198 τού
870 3143 981 3214 Sauppe
1002 3141 1077 3213 Eph.
1098 3144 1194 3222 Gom

156 3216 227 3269 1861
246 3230 274 3283 p.
295 3217 365 3267 1864
381 3213 385 3280 Ι
401 3206 521 3280 ἀφανῶς
538 3213 608 3277 τέως
623 3215 735 3285 Sauppe
753 3215 773 3269 l.
787 3215 806 3270 l.
823 3217 828 3282 Ι
843 3212 1046 3284 *διωκομένου
1061 3213 1086 3270 Ο
1107 3217 1174 3269 διοι-
1193 3233 1194 3258 ι

154 3282 297 3354 κονμένον
318 3283 442 3339 Schmitz
465 3283 500 3338 de
522 3284 605 3342 Dion.
629 3286 681 3342 loo.
705 3305 733 3356 p.
753 3291 788 3341 10
810 3286 849 3360 τῷ
867 3283 955 3342 πλέον
978 3281 999 3342 έ.
1020 3280 1049 3339 ἀ.
1074 3288 1176 3342 διωκο-

156 3353 232 3440 μένη)
251 3350 284 3409 τό
303 3349 341 3425 μὴ
361 3360 442 3440 μεῖοη
465 3354 581 3426 Madvig
598 3357 618 3410 l.
632 3356 651 3410 l.
730 3363 764 3444 1⁸6
786 3352 819 3412 τό
843 3351 882 3427 μὴ
907 3357 1177 3439 μεῖονιὸὲθρὴεοοι

155 3424 598 3558 ’(ἰίίλῖίόιλάἶάἕεῗόὴ
612 3467 619 3481 ’
635 3427 1178 3572 ἰὸῗιιῖἀιζλῖεόόέιάἰὴῗζδῗιῗῗόρθ
