2408 3928
144 203 210 270 τοι
569 234 602 244 -
640 204 662 258 ι
699 233 733 245 -
1190 138 1196 279 ἔ

143 389 207 432 καν
239 360 475 445 ἀποδείξαντες
502 360 653 451 ἡγεμόνα
687 367 746 450 τῆς
778 364 936 449 στρατιᾶς
966 369 1078 446 Τῖτον,
1106 355 1173 440 ὃςειι

108 472 333 540 4ἐπεκαλεῖτο
366 467 500 556 Τάτιος,
531 471 672 557 βασιλέα
698 472 869 557 Κυριτῶν.
921 474 1063 557 Σαβῖνοι
1090 465 1139 554 μέν
1192 476 1195 486 “

146 575 189 665 δὴ
221 581 325 646 ταῦτα
356 575 625 666 βουλευσάμενοι
656 577 712 646 καὶ
745 571 1072 656 διαλυθέντες-’κατὰ
1096 571 1141 653 τὰς
1195 603 1197 666 3

145 683 260 765 πόλεις
290 682 331 754 τά
362 682 447 772 πρὸς
477 683 538 753 τὸν
571 682 720 772 πόλεμον
752 679 1005 771 ηὐτρεπίζοντο,
1037 679 1079 761 ῶς
1106 682 1142 760 εἰς

103 819 118 859 ε
147 792 255 860 νέωτα
279 791 331 859 ἐπὶ
353 787 416 878 τὴν
434 787 566 878 Ῥῶμην
588 794 697 880 πολλῇ
719 791 806 879 χειρὶ
831 788 1015 869 ἐλάσοντες.
1196 783 1197 806 ÷

235 897 403 965 XXXVII.
423 894 480 966 Ἐν
503 896 612 989 τούτῳ
637 897 675 966 δέ
693 897 750 965 καὶ
773 893 792 965 ὁ
811 893 981 984 Ῥωμύλος
1004 894 1143 982 ἀντιταρ

146 1003 337 1085 εσκευάζετο
361 1000 401 1071 τά
431 1002 606 1092 κράτιστα,
634 1001 680 1085 ῶς
706 1001 942 1092 ἀμυνούμενος
971 1001 1097 1092 ἄνδρας
1114 998 1145 1069 τὰ

146 1112 288 1198 πολέμια
315 1108 493 1198 ἀλκίμους,
521 1114 582 1180 τοῦ
612 1111 674 1198 μὲν
703 1116 878 1181 Παλατίου
909 1109 947 1180 τὸ
979 1124 1085 1198 τεῖχος
1114 1105 1146 1186 ῶς
1199 1147 1200 1208 3

147 1215 397 1304 ἀσφαλέστερον
431 1215 518 1288 εἶναι
550 1232 621 1298 τοῖς
653 1221 756 1287 ἔνδον
788 1215 1012 1308 ὑψηλοτέροις
1044 1214 1148 1306 ἐρύμα-

107 1351 134 1389 ιο
148 1342 204 1393 σιν
237 1327 392 1415 ἐγείρων,
428 1325 508 1407 τούς
541 1325 578 1394 δὲ
610 1328 876 1418 παρακειμένους
913 1322 1003 1417 αύτῷ
1036 1323 1148 1411 λόφους
1199 1399 1200 1410 ρ

146 1429 207 1499 τόν
226 1458 262 1500 τε
280 1430 468 1503 Αὐεντῖνον
487 1435 543 1502 καὶ
561 1431 621 1502 τὸν
636 1440 874 1502 Καπιτωλῖνον
893 1436 961 1500 νῦν
978 1431 1148 1519 λεγόμενον
1199 1467 1200 1498 ι

146 1535 393 1629 ἀποταφρεύων
424 1539 480 1607 καὶ
513 1537 730 1628 χαρακώμασι
757 1552 931 1629 καρτεροῖς
960 1532 1148 1625 περιλαμβά-

147 1669 231 1731 νων,
255 1647 292 1714 έν
316 1641 367 1726 οἷς
384 1643 425 1714 τὰ
442 1651 584 1733 ποίμνια
602 1647 659 1714 καὶ
677 1645 756 1727 τούς
774 1643 945 1733 γεωργούς
968 1643 1149 1726 αὐλίζεσθαι
1199 1682 1200 1688 1

148 1748 206 1830 τὰς
242 1751 365 1832 νύκτας
406 1755 560 1835 ἐπέταξεν
602 1752 748 1844 ἐχεγγύῳ
789 1756 926 1843 φρουρᾷ
966 1748 1151 1839 καταλαβῶν
1199 1809 1200 1818 ,

109 1881 134 1920 15
149 1854 321 1944 ἑκάτερον,
351 1858 407 1926 καὶ
440 1867 474 1926 εί
498 1885 530 1927 τι
558 1857 640 1927 ἀλλο
670 1856 796 1947 χωρίον
829 1857 1018 1947 ἀσφάλειαυ
1052 1857 1153 1936 αὐτοῖς
1199 1899 1200 1928 ι

148 1964 302 2050 παρέξειν
332 1968 468 2052 ἔμελλεν
496 1963 743 2053 ἀποταφρεύων
772 1967 829 2034 καὶ
851 1969 1087 2054 περισταυρῶν
1108 1963 1153 2030 καὶ
1199 2000 1200 2034 2

108 2068 206 2138 211ιά
229 2074 380 2157 φυλακῆς
402 2075 499 2157 έχων.
544 2061 603 2157 ἧκε
632 2071 670 2139 δέ
697 2069 787 2163 αύτῷ
816 2063 1003 2160 Τυρρηνῶν
1034 2073 1153 2140 έπικου

148 2182 226 2264 ρίαν
251 2174 371 2264 ίκανὴν
395 2175 489 2263 ἀγων
511 2179 546 2244 έκ
564 2183 745 2246 Σολωνίου
767 2176 896 2258 πόλεως
914 2174 1002 2264 ἀνὴρ
1023 2174 1153 2264 ὃραστή-
1199 2239 1200 2248 ,

147 2310 221 2370 ριος
238 2284 294 2351 καὶ
311 2282 351 2351 τά
370 2285 512 2370 πολέμια
533 2288 641 2371 [ἔργα]
659 2282 838 2370 διαφανής,
854 2283 1022 2372 Λοκόμων
1042 2283 1200 2370 ὅνομαμιο,

34 2380 64 2478 “f
109 2415 135 2455 νο
150 2396 248 2476 φίλος
281 2387 322 2457 ού
354 2387 418 2476 πρὸ
450 2392 579 2458 πολλοῦ
613 2389 775 2476 γεγονῶς,
803 2391 858 2458 καὶ
890 2387 968 2478 παρ’
992 2387 1155 2477 Ἀλβανῶν

148 2495 286 2584 ἀνδρες,
312 2491 371 2574 οὓς
399 2491 420 2562 ὅ
447 2495 579 2576 πάππος
608 2500 753 2582 ἔπεμψεν
784 2493 889 2588 αύτῷ,
918 2498 1040 2583 συχνοὶ
1067 2515 1155 2583 στρα-

148 2605 267 2670 τιῶταί
295 2627 330 2669 τε
362 2601 418 2668 καὶ
445 2597 606 2688 ὑπηρέται
635 2602 690 2669 καὶ
717 2615 863 2689 τεχνῖται
891 2607 1080 2689 πολεμικῶν
1111 2607 1156 2687 έρ-

148 2735 231 2795 γων,
254 2706 347 2786 σῖτός
368 2732 403 2774 τε
426 2708 482 2775 καὶ
506 2705 592 2776 ὅπλα
610 2709 665 2776 καὶ
685 2706 748 2777 ὅσα
770 2708 903 2788 τούτοις
920 2709 1098 2797 πρόσφορα
1118 2700 1155 2794 ἦν

113 2817 273 2893 3ίκανῶς
300 2811 431 2881 ἅπαντα
459 2817 700 2902 ἐπεχορηγεῖτο.
751 2816 820 2884 ἐπεὶ
852 2813 884 2882 δ’
910 2818 948 2884 ἐν
977 2817 1095 2907 ἕτοίμφ
1122 2813 1156 2882 τὰ

221 3052 237 3101 3
256 3040 308 3108 τῶς
326 3045 381 3100 del.
402 3043 490 3100 Cobet
509 3045 574 3101 obs.
593 3057 621 3116 p'.
640 3052 675 3101 4⁷
748 3051 764 3101 't
783 3042 918 3116 κράτιστα
942 3046 1004 3102 sine
1029 3043 1064 3101 τὰ
1081 3044 1156 3100 Hert·

148 3119 206 3174 lein
229 3117 345 3172 Hermes
363 3114 389 3168 X
416 3135 443 3187 p.
467 3122 520 3171 410
596 3123 613 3172 8
637 3119 808 3172 παλλαντίου
827 3119 875 3176 Bb
953 3124 986 3172 11
1011 3119 1156 3172 κατιετωλῖ-

148 3190 241 3245 νονΒ
297 3194 332 3242 14
349 3183 401 3250 τὰς
419 3182 524 3250 νύκτας
543 3189 673 3256 suspecta
690 3189 845 3244 Bfichelero
902 3193 934 3243 18
956 3184 1154 3244 ΟύολσινῖοοΟ

149 3261 252 3316 Mffller
274 3259 383 3314 Etrusc.
403 3258 415 3310 Ι
438 3275 465 3326 p.
486 3264 536 3312 116
566 3254 761 3313 Ούετολωνῖου
785 3258 919 3315 Cluverus
942 3260 1005 3316 Ital.
1031 3256 1156 3327 antiq.11

149 3350 176 3400 p.
196 3337 249 3386 454
268 3333 298 3384 et
316 3335 368 3385 473
443 3333 476 3381 19
497 3325 565 3396 ἔργα
584 3329 638 3383 del.
657 3331 814 3385 Ambrosch
886 3336 921 3384 20
943 3327 1023 3399 παρὰ
1038 3331 1070 3400 0,
1092 3345 1156 3384 corr.

150 3401 321 3469 Grasbergor
346 3397 512 3467 Philologus
530 3398 649 3454 XXVIII
677 3418 703 3470 p.
727 3406 779 3456 546
866 3407 900 3456 23
927 3397 1067 3464 τοιούτοις
1087 3398 1158 3454 BaR

150 3475 186 3524 24
204 3469 252 3524 καὶ
272 3467 314 3531 οἷς
331 3463 446 3524 ἅπαντα
465 3468 517 3521 ΑΒ
536 3463 639 3531 [κανῶς
658 3465 707 3525 ἀπ.
727 3471 849 3527 Sintenis
868 3474 928 3528 Em.
948 3473 1031 3528 Dion.
1050 3474 1063 3527 1
1081 3490 1106 3542 p.
1125 3474 1156 3523 1⁷
