<?xml version="1.0" encoding="UTF-8"?>
<!DOCTYPE html PUBLIC "-//W3C//DTD XHTML 1.0 Transitional//EN"
    "http://www.w3.org/TR/xhtml1/DTD/xhtml1-transitional.dtd">
<html xmlns="http://www.w3.org/1999/xhtml" xml:lang="en" lang="en">
 <head>
  <title>
</title>
<meta http-equiv="Content-Type" content="text/html;charset=utf-8" />
  <meta name='ocr-system' content='tesseract 3.04.00' />
  <meta name='ocr-capabilities' content='ocr_page ocr_carea ocr_par ocr_line ocrx_word'/>
</head>
<body>
  <div class='ocr_page' id='page_1' title='image "./antiquitatumrom00jacogoog_0053.png"; bbox 0 0 2412 3912; ppageno 0'>
   <div class='ocr_carea' id='block_1_1' title="bbox 474 225 1064 328">
    <p class='ocr_par' dir='ltr' id='par_1_1' title="bbox 474 225 1064 328">
     <span class='ocr_line' id='line_1_1' title="bbox 474 225 1064 328; baseline -0.002 -36"><span class='ocrx_word' id='word_1_1' title='bbox 474 229 743 328; x_wconf 74' lang='grc' dir='ltr'><strong><em>-ε-Ι</em></strong></span> <span class='ocrx_word' id='word_1_2' title='bbox 1021 225 1064 291; x_wconf 84' lang='lat'><strong><em>39</em></strong></span> 
     </span>
    </p>
   </div>
   <div class='ocr_carea' id='block_1_2' title="bbox 21 385 1130 3310">
    <p class='ocr_par' dir='ltr' id='par_1_2' title="bbox 26 385 1094 1010">
     <span class='ocr_line' id='line_1_2' title="bbox 67 385 1065 478; baseline -0.006 -19"><span class='ocrx_word' id='word_1_3' title='bbox 67 417 115 470; x_wconf 88' lang='grc' dir='ltr'><strong><em>τος</em></strong></span> <span class='ocrx_word' id='word_1_4' title='bbox 134 387 359 476; x_wconf 75' lang='grc' dir='ltr'><strong><em>ἐξαιρούμενοι</em></strong></span> <span class='ocrx_word' id='word_1_5' title='bbox 382 389 441 471; x_wconf 86' lang='grc' dir='ltr'><strong><em>τάς</em></strong></span> <span class='ocrx_word' id='word_1_6' title='bbox 463 386 623 478; x_wconf 88' lang='grc' dir='ltr'><strong><em>ἀπαρχάς,</em></strong></span> <span class='ocrx_word' id='word_1_7' title='bbox 646 403 717 469; x_wconf 75' lang='grc' dir='ltr'><strong><em>τοῖς</em></strong></span> <span class='ocrx_word' id='word_1_8' title='bbox 730 414 765 457; x_wconf 92' lang='grc' dir='ltr'><strong><em>τε</em></strong></span> <span class='ocrx_word' id='word_1_9' title='bbox 778 399 875 469; x_wconf 79' lang='grc' dir='ltr'><strong><em>θεοῖς</em></strong></span> <span class='ocrx_word' id='word_1_10' title='bbox 897 385 937 456; x_wconf 87' lang='grc' dir='ltr'><strong><em>πά</em></strong></span> <span class='ocrx_word' id='word_1_11' title='bbox 953 391 1065 455; x_wconf 81' lang='grc' dir='ltr'><strong><em>δίκαια</em></strong></span> 
     </span>
     <span class='ocr_line' id='line_1_3' title="bbox 67 493 1066 584; baseline -0.004 -20"><span class='ocrx_word' id='word_1_12' title='bbox 67 494 234 584; x_wconf 73' lang='grc' dir='ltr'><em>ὑπουργεῖν</em></span> <span class='ocrx_word' id='word_1_13' title='bbox 271 495 446 578; x_wconf 82' lang='grc' dir='ltr'><strong><em>ἀξιοῦντες</em></strong></span> <span class='ocrx_word' id='word_1_14' title='bbox 477 498 533 564; x_wconf 82' lang='grc' dir='ltr'><strong><em>καὶ</em></strong></span> <span class='ocrx_word' id='word_1_15' title='bbox 566 493 794 583; x_wconf 79' lang='grc' dir='ltr'><strong><em>στασιασμοὺς</em></strong></span> <span class='ocrx_word' id='word_1_16' title='bbox 825 497 860 563; x_wconf 83' lang='grc' dir='ltr'><strong><em>ἐκ</em></strong></span> <span class='ocrx_word' id='word_1_17' title='bbox 892 497 961 562; x_wconf 90' lang='grc' dir='ltr'><strong><em>τῶν</em></strong></span> <span class='ocrx_word' id='word_1_18' title='bbox 995 497 1066 560; x_wconf 78' lang='grc' dir='ltr'><strong><em>δια-</em></strong></span> 
     </span>
     <span class='ocr_line' id='line_1_4' title="bbox 67 596 1066 691; baseline -0.003 -19"><span class='ocrx_word' id='word_1_19' title='bbox 67 602 230 672; x_wconf 91' lang='grc' dir='ltr'><strong><em>λαθόντων</em></strong></span> <span class='ocrx_word' id='word_1_20' title='bbox 247 602 404 684; x_wconf 76' lang='grc' dir='ltr'><strong><em>δεδιότες.</em></strong></span> <span class='ocrx_word' id='word_1_21' title='bbox 427 596 472 691; x_wconf 91' lang='grc' dir='ltr'><strong><em>ήν</em></strong></span> <span class='ocrx_word' id='word_1_22' title='bbox 487 603 524 672; x_wconf 76' lang='grc' dir='ltr'><strong><em>δέ</em></strong></span> <span class='ocrx_word' id='word_1_23' title='bbox 538 600 694 673; x_wconf 79' lang='grc' dir='ltr'><strong><em>πολὺκαὶ</em></strong></span> <span class='ocrx_word' id='word_1_24' title='bbox 707 600 745 670; x_wconf 89' lang='grc' dir='ltr'><strong><em>τὸ</em></strong></span> <span class='ocrx_word' id='word_1_25' title='bbox 760 600 844 689; x_wconf 86' lang='grc' dir='ltr'><strong><em>πρὸς</em></strong></span> <span class='ocrx_word' id='word_1_26' title='bbox 859 606 986 689; x_wconf 80' lang='grc' dir='ltr'><strong><em>ἔχθραν</em></strong></span> <span class='ocrx_word' id='word_1_27' title='bbox 1001 597 1066 669; x_wconf 85' lang='grc' dir='ltr'><strong><em>σὺν</em></strong></span> 
     </span>
     <span class='ocr_line' id='line_1_5' title="bbox 67 705 1066 798; baseline -0.004 -20"><span class='ocrx_word' id='word_1_28' title='bbox 67 710 215 797; x_wconf 81' lang='grc' dir='ltr'><strong><em>προφάσει</em></strong></span> <span class='ocrx_word' id='word_1_29' title='bbox 249 705 409 797; x_wconf 80' lang='grc' dir='ltr'><em>εὐπρεπεῖ</em></span> <span class='ocrx_word' id='word_1_30' title='bbox 437 708 713 798; x_wconf 75' lang='grc' dir='ltr'><strong><em>ἀπελαυνόμενον</em></strong></span> <span class='ocrx_word' id='word_1_31' title='bbox 745 706 810 777; x_wconf 87' lang='grc' dir='ltr'><strong><em>ὑπὸ</em></strong></span> <span class='ocrx_word' id='word_1_32' title='bbox 844 711 913 776; x_wconf 91' lang='grc' dir='ltr'><strong><em>τῶν</em></strong></span> <span class='ocrx_word' id='word_1_33' title='bbox 946 705 1066 793; x_wconf 75' lang='grc' dir='ltr'><strong><em>διαφό-</em></strong></span> 
     </span>
     <span class='ocr_line' id='line_1_6' title="bbox 26 813 1094 903; baseline -0.005 -19"><span class='ocrx_word' id='word_1_34' title='bbox 26 826 52 874; x_wconf 73' lang='lat'><strong><em>63</em></strong></span> <span class='ocrx_word' id='word_1_35' title='bbox 67 839 138 903; x_wconf 87' lang='grc' dir='ltr'><strong><em>ρων·</em></strong></span> <span class='ocrx_word' id='word_1_36' title='bbox 164 814 248 886; x_wconf 85' lang='grc' dir='ltr'><strong><em>ῶστε</em></strong></span> <span class='ocrx_word' id='word_1_37' title='bbox 271 817 393 884; x_wconf 80' lang='grc' dir='ltr'><strong><em>πολλαὶ</em></strong></span> <span class='ocrx_word' id='word_1_38' title='bbox 416 819 453 884; x_wconf 84' lang='grc' dir='ltr'><strong><em>αλ</em></strong></span> <span class='ocrx_word' id='word_1_39' title='bbox 478 813 724 896; x_wconf 78' lang='grc' dir='ltr'><strong><em>ἀπαναστάσεις</em></strong></span> <span class='ocrx_word' id='word_1_40' title='bbox 750 818 906 901; x_wconf 79' lang='grc' dir='ltr'><strong><em>ἐγίνοντο</em></strong></span> <span class='ocrx_word' id='word_1_41' title='bbox 929 815 984 881; x_wconf 83' lang='grc' dir='ltr'><strong><em>καὶ</em></strong></span> <span class='ocrx_word' id='word_1_42' title='bbox 1013 813 1094 882; x_wconf 74' lang='grc' dir='ltr'><strong><em>ἐπὶῡ</em></strong></span> 
     </span>
     <span class='ocr_line' id='line_1_7' title="bbox 67 919 935 1010; baseline -0.002 -20"><span class='ocrx_word' id='word_1_43' title='bbox 67 929 205 991; x_wconf 75' lang='grc' dir='ltr'><strong><em>πλεῖστον</em></strong></span> <span class='ocrx_word' id='word_1_44' title='bbox 230 926 292 1009; x_wconf 81' lang='grc' dir='ltr'><strong><em>γῆς</em></strong></span> <span class='ocrx_word' id='word_1_45' title='bbox 314 919 352 991; x_wconf 87' lang='grc' dir='ltr'><strong><em>τό</em></strong></span> <span class='ocrx_word' id='word_1_46' title='bbox 381 919 590 1008; x_wconf 87' lang='grc' dir='ltr'><strong><em>Πελασγικόν</em></strong></span> <span class='ocrx_word' id='word_1_47' title='bbox 612 924 711 1008; x_wconf 86' lang='grc' dir='ltr'><strong><em>γένος</em></strong></span> <span class='ocrx_word' id='word_1_48' title='bbox 734 920 935 1010; x_wconf 76' lang='grc' dir='ltr'><strong><em>διεφορήθη.</em></strong></span> 
     </span>
    </p>

    <p class='ocr_par' dir='ltr' id='par_1_3' title="bbox 57 1021 1110 2074">
     <span class='ocr_line' id='line_1_8' title="bbox 140 1021 1067 1116; baseline -0.004 -20"><span class='ocrx_word' id='word_1_49' title='bbox 140 1031 242 1098; x_wconf 88' lang='lat' dir='ltr'>XXV.</span> <span class='ocrx_word' id='word_1_50' title='bbox 259 1021 368 1097; x_wconf 84' lang='grc' dir='ltr'><strong><em>Ἦσαν</em></strong></span> <span class='ocrx_word' id='word_1_51' title='bbox 392 1027 429 1096; x_wconf 72' lang='grc' dir='ltr'><strong><em>δὲ</em></strong></span> <span class='ocrx_word' id='word_1_52' title='bbox 451 1028 492 1096; x_wconf 90' lang='grc' dir='ltr'><strong><em>τά</em></strong></span> <span class='ocrx_word' id='word_1_53' title='bbox 505 1054 541 1097; x_wconf 91' lang='grc' dir='ltr'><strong><em>τε</em></strong></span> <span class='ocrx_word' id='word_1_54' title='bbox 563 1030 704 1116; x_wconf 85' lang='grc' dir='ltr'><strong><em>πολέμια</em></strong></span> <span class='ocrx_word' id='word_1_55' title='bbox 720 1029 755 1096; x_wconf 91' lang='grc' dir='ltr'><strong><em>ἐκ</em></strong></span> <span class='ocrx_word' id='word_1_56' title='bbox 768 1031 829 1097; x_wconf 80' lang='grc' dir='ltr'><strong><em>τοῦ</em></strong></span> <span class='ocrx_word' id='word_1_57' title='bbox 854 1024 934 1116; x_wconf 89' lang='grc' dir='ltr'><strong><em>μετά</em></strong></span> <span class='ocrx_word' id='word_1_58' title='bbox 952 1024 1067 1093; x_wconf 77' lang='grc' dir='ltr'><strong><em>κινδύ-</em></strong></span> 
     </span>
     <span class='ocr_line' id='line_1_9' title="bbox 71 1134 1069 1223; baseline -0.002 -21"><span class='ocrx_word' id='word_1_59' title='bbox 71 1161 126 1203; x_wconf 87' lang='grc' dir='ltr'><strong><em>νων</em></strong></span> <span class='ocrx_word' id='word_1_60' title='bbox 148 1139 356 1222; x_wconf 76' lang='grc' dir='ltr'><strong><em>πεποιῆσθαι</em></strong></span> <span class='ocrx_word' id='word_1_61' title='bbox 379 1134 438 1214; x_wconf 81' lang='grc' dir='ltr'><strong><em>τὰς</em></strong></span> <span class='ocrx_word' id='word_1_62' title='bbox 465 1138 601 1223; x_wconf 87' lang='grc' dir='ltr'><strong><em>μελέτας</em></strong></span> <span class='ocrx_word' id='word_1_63' title='bbox 623 1137 661 1204; x_wconf 91' lang='grc' dir='ltr'><strong><em>ἐν</em></strong></span> <span class='ocrx_word' id='word_1_64' title='bbox 690 1140 806 1204; x_wconf 82' lang='grc' dir='ltr'><strong><em>ἔθνεσι</em></strong></span> <span class='ocrx_word' id='word_1_65' title='bbox 830 1134 1069 1222; x_wconf 79' lang='grc' dir='ltr'><strong><em>φιλοπολέμοις</em></strong></span> 
     </span>
     <span class='ocr_line' id='line_1_10' title="bbox 66 1237 1068 1328; baseline -0.002 -20"><span class='ocrx_word' id='word_1_66' title='bbox 66 1245 168 1322; x_wconf 83' lang='grc' dir='ltr'><strong><em>ζῶντες</em></strong></span> <span class='ocrx_word' id='word_1_67' title='bbox 190 1243 329 1310; x_wconf 91' lang='grc' dir='ltr'><strong><em>πολλῶν</em></strong></span> <span class='ocrx_word' id='word_1_68' title='bbox 353 1238 513 1328; x_wconf 83' lang='grc' dir='ltr'><strong><em>ἀμείνους</em></strong></span> <span class='ocrx_word' id='word_1_69' title='bbox 535 1243 663 1328; x_wconf 79' lang='grc' dir='ltr'><strong><em>καὶτῆς</em></strong></span> <span class='ocrx_word' id='word_1_70' title='bbox 685 1239 767 1310; x_wconf 88' lang='grc' dir='ltr'><strong><em>κατά</em></strong></span> <span class='ocrx_word' id='word_1_71' title='bbox 781 1240 822 1309; x_wconf 86' lang='grc' dir='ltr'><strong><em>τά</em></strong></span> <span class='ocrx_word' id='word_1_72' title='bbox 844 1237 985 1309; x_wconf 84' lang='grc' dir='ltr'><strong><em>ναυτικὰ</em></strong></span> <span class='ocrx_word' id='word_1_73' title='bbox 1000 1241 1068 1307; x_wconf 85' lang='grc' dir='ltr'><strong><em>έπι-</em></strong></span> 
     </span>
     <span class='ocr_line' id='line_1_11' title="bbox 63 1344 1109 1436; baseline 0.003 -21"><span class='ocrx_word' id='word_1_74' title='bbox 63 1347 174 1435; x_wconf 88' lang='grc' dir='ltr'><strong><em>στήμης</em></strong></span> <span class='ocrx_word' id='word_1_75' title='bbox 200 1345 257 1414; x_wconf 79' lang='grc' dir='ltr'><strong><em>όιά</em></strong></span> <span class='ocrx_word' id='word_1_76' title='bbox 279 1344 343 1433; x_wconf 82' lang='grc' dir='ltr'><strong><em>τὴν</em></strong></span> <span class='ocrx_word' id='word_1_77' title='bbox 366 1344 447 1435; x_wconf 87' lang='grc' dir='ltr'><strong><em>μετά</em></strong></span> <span class='ocrx_word' id='word_1_78' title='bbox 469 1351 655 1436; x_wconf 72' lang='grc' dir='ltr'><strong><em>Τυρρηνῶν</em></strong></span> <span class='ocrx_word' id='word_1_79' title='bbox 680 1357 812 1434; x_wconf 82' lang='grc' dir='ltr'><strong><em>ολκησιν</em></strong></span> <span class='ocrx_word' id='word_1_80' title='bbox 835 1348 888 1416; x_wconf 81' lang='grc' dir='ltr'><strong><em>ἐπὶ</em></strong></span> <span class='ocrx_word' id='word_1_81' title='bbox 910 1355 1068 1415; x_wconf 81' lang='grc' dir='ltr'><strong><em>πλεῖστον</em></strong></span> <span class='ocrx_word' id='word_1_82' title='bbox 1083 1379 1109 1419; x_wconf 90' lang='lat'><strong><em>10</em></strong></span> 
     </span>
     <span class='ocr_line' id='line_1_12' title="bbox 62 1446 1069 1542; baseline -0.003 -20"><span class='ocrx_word' id='word_1_83' title='bbox 62 1447 264 1540; x_wconf 78' lang='grc' dir='ltr'><strong><em>ἐληλακότες·</em></strong></span> <span class='ocrx_word' id='word_1_84' title='bbox 297 1451 319 1539; x_wconf 85' lang='grc' dir='ltr'><strong><em>ή</em></strong></span> <span class='ocrx_word' id='word_1_85' title='bbox 346 1480 382 1522; x_wconf 90' lang='grc' dir='ltr'><strong><em>τε</em></strong></span> <span class='ocrx_word' id='word_1_86' title='bbox 415 1452 544 1540; x_wconf 82' lang='grc' dir='ltr'><strong><em>ἀνάγκη</em></strong></span> <span class='ocrx_word' id='word_1_87' title='bbox 578 1452 676 1542; x_wconf 78' lang='grc' dir='ltr'><strong><em>ἱκανή</em></strong></span> <span class='ocrx_word' id='word_1_88' title='bbox 708 1446 793 1522; x_wconf 84' lang='grc' dir='ltr'><strong><em>οὖσα</em></strong></span> <span class='ocrx_word' id='word_1_89' title='bbox 821 1467 892 1533; x_wconf 79' lang='grc' dir='ltr'><strong><em>τοῖς</em></strong></span> <span class='ocrx_word' id='word_1_90' title='bbox 923 1451 1069 1540; x_wconf 88' lang='grc' dir='ltr'><strong><em>ἀπορου-</em></strong></span> 
     </span>
     <span class='ocr_line' id='line_1_13' title="bbox 59 1557 1070 1649; baseline -0.004 -20"><span class='ocrx_word' id='word_1_91' title='bbox 59 1563 163 1647; x_wconf 85' lang='grc' dir='ltr'><strong><em>μένοις</em></strong></span> <span class='ocrx_word' id='word_1_92' title='bbox 189 1566 272 1646; x_wconf 83' lang='grc' dir='ltr'><strong><em>βίον</em></strong></span> <span class='ocrx_word' id='word_1_93' title='bbox 299 1559 429 1648; x_wconf 89' lang='grc' dir='ltr'><strong><em>τόλμαν</em></strong></span> <span class='ocrx_word' id='word_1_94' title='bbox 456 1576 641 1649; x_wconf 77' lang='grc' dir='ltr'><strong><em>παρασχεῖν</em></strong></span> <span class='ocrx_word' id='word_1_95' title='bbox 668 1558 803 1649; x_wconf 86' lang='grc' dir='ltr'><strong><em>ήγεμῶν</em></strong></span> <span class='ocrx_word' id='word_1_96' title='bbox 829 1587 865 1628; x_wconf 89' lang='grc' dir='ltr'><strong><em>τε</em></strong></span> <span class='ocrx_word' id='word_1_97' title='bbox 895 1559 951 1627; x_wconf 81' lang='grc' dir='ltr'><strong><em>καὶ</em></strong></span> <span class='ocrx_word' id='word_1_98' title='bbox 975 1557 1070 1626; x_wconf 75' lang='grc' dir='ltr'><strong><em>διδά-</em></strong></span> 
     </span>
     <span class='ocr_line' id='line_1_14' title="bbox 57 1665 1069 1766; baseline -0.003 -32"><span class='ocrx_word' id='word_1_99' title='bbox 57 1675 170 1766; x_wconf 86' lang='grc' dir='ltr'><strong><em>σκαλος</em></strong></span> <span class='ocrx_word' id='word_1_100' title='bbox 208 1669 270 1734; x_wconf 78' lang='grc' dir='ltr'><strong><em>τοῦ</em></strong></span> <span class='ocrx_word' id='word_1_101' title='bbox 307 1665 433 1747; x_wconf 85' lang='grc' dir='ltr'><strong><em>παντὸς</em></strong></span> <span class='ocrx_word' id='word_1_102' title='bbox 468 1667 734 1755; x_wconf 78' lang='grc' dir='ltr'><strong><em>κινδυνεύματος</em></strong></span> <span class='ocrx_word' id='word_1_103' title='bbox 778 1665 893 1746; x_wconf 75' lang='grc' dir='ltr'><strong><em>αὐτοῖς</em></strong></span> <span class='ocrx_word' id='word_1_104' title='bbox 929 1667 1069 1750; x_wconf 85' lang='grc' dir='ltr'><strong><em>ἐγίνετο,</em></strong></span> 
     </span>
     <span class='ocr_line' id='line_1_15' title="bbox 59 1769 1110 1861; baseline -0.003 -21"><span class='ocrx_word' id='word_1_105' title='bbox 59 1771 133 1841; x_wconf 89' lang='grc' dir='ltr'><strong><em>ῶστε</em></strong></span> <span class='ocrx_word' id='word_1_106' title='bbox 165 1769 210 1841; x_wconf 85' lang='grc' dir='ltr'><strong><em>οὐ</em></strong></span> <span class='ocrx_word' id='word_1_107' title='bbox 244 1777 393 1859; x_wconf 85' lang='grc' dir='ltr'><strong><em>χαλεπῶς</em></strong></span> <span class='ocrx_word' id='word_1_108' title='bbox 427 1772 491 1861; x_wconf 81' lang='grc' dir='ltr'><strong><em>ὅπη</em></strong></span> <span class='ocrx_word' id='word_1_109' title='bbox 524 1775 701 1842; x_wconf 80' lang='grc' dir='ltr'><strong><em>ἐπέλθοιεν</em></strong></span> <span class='ocrx_word' id='word_1_110' title='bbox 738 1772 951 1859; x_wconf 85' lang='grc' dir='ltr'><strong><em>ἐπεκράτουν.</em></strong></span> <span class='ocrx_word' id='word_1_111' title='bbox 997 1773 1110 1851; x_wconf 56' lang='lat' dir='ltr'><strong><em>gua-2</em></strong></span> 
     </span>
     <span class='ocr_line' id='line_1_16' title="bbox 58 1875 1109 1969; baseline 0.003 -23"><span class='ocrx_word' id='word_1_112' title='bbox 58 1882 172 1947; x_wconf 80' lang='grc' dir='ltr'><strong><em>λοῦντο</em></strong></span> <span class='ocrx_word' id='word_1_113' title='bbox 198 1877 237 1946; x_wconf 74' lang='grc' dir='ltr'><strong><em>δὲ</em></strong></span> <span class='ocrx_word' id='word_1_114' title='bbox 260 1875 325 1946; x_wconf 79' lang='grc' dir='ltr'><strong><em>ὑπὸ</em></strong></span> <span class='ocrx_word' id='word_1_115' title='bbox 349 1883 418 1948; x_wconf 92' lang='grc' dir='ltr'><strong><em>τῶν</em></strong></span> <span class='ocrx_word' id='word_1_116' title='bbox 441 1879 555 1949; x_wconf 87' lang='grc' dir='ltr'><strong><em>ἀλλων</em></strong></span> <span class='ocrx_word' id='word_1_117' title='bbox 578 1878 773 1969; x_wconf 79' lang='grc' dir='ltr'><strong><em>ἀνθρώπων</em></strong></span> <span class='ocrx_word' id='word_1_118' title='bbox 807 1883 866 1967; x_wconf 79' lang='grc' dir='ltr'><strong><em>τῆς</em></strong></span> <span class='ocrx_word' id='word_1_119' title='bbox 897 1905 932 1947; x_wconf 85' lang='grc' dir='ltr'><strong><em>πε</em></strong></span> <span class='ocrx_word' id='word_1_120' title='bbox 960 1877 1071 1965; x_wconf 89' lang='grc' dir='ltr'><strong><em>χῶρας</em></strong></span> <span class='ocrx_word' id='word_1_121' title='bbox 1084 1908 1109 1949; x_wconf 80' lang='lat'><strong><em>1⁵</em></strong></span> 
     </span>
     <span class='ocr_line' id='line_1_17' title="bbox 59 1976 1072 2074; baseline -0.003 -20"><span class='ocrx_word' id='word_1_122' title='bbox 59 1985 221 2072; x_wconf 81' lang='grc' dir='ltr'><strong><em>ἐπικλήσει</em></strong></span> <span class='ocrx_word' id='word_1_123' title='bbox 244 1983 305 2070; x_wconf 88' lang='grc' dir='ltr'><strong><em>ἀφ’</em></strong></span> <span class='ocrx_word' id='word_1_124' title='bbox 331 1976 371 2072; x_wconf 84' lang='grc' dir='ltr'><strong><em>ής</em></strong></span> <span class='ocrx_word' id='word_1_125' title='bbox 394 1989 616 2074; x_wconf 84' lang='grc' dir='ltr'><strong><em>ἐξανέστησαν</em></strong></span> <span class='ocrx_word' id='word_1_126' title='bbox 630 1988 686 2054; x_wconf 80' lang='grc' dir='ltr'><strong><em>καὶ</em></strong></span> <span class='ocrx_word' id='word_1_127' title='bbox 708 1990 769 2056; x_wconf 84' lang='grc' dir='ltr'><strong><em>τοῦ</em></strong></span> <span class='ocrx_word' id='word_1_128' title='bbox 783 1989 929 2054; x_wconf 80' lang='grc' dir='ltr'><strong><em>παλαιοῦ</em></strong></span> <span class='ocrx_word' id='word_1_129' title='bbox 951 1987 1072 2070; x_wconf 86' lang='grc' dir='ltr'><strong><em>γένους</em></strong></span> 
     </span>
    </p>

    <p class='ocr_par' dir='ltr' id='par_1_4' title="bbox 21 2084 1130 2287">
     <span class='ocr_line' id='line_1_18' title="bbox 21 2084 1071 2182; baseline 0.002 -26"><span class='ocrx_word' id='word_1_130' title='bbox 21 2107 44 2156; x_wconf 80' lang='grc'><strong><em>66</em></strong></span> <span class='ocrx_word' id='word_1_131' title='bbox 57 2091 164 2180; x_wconf 82' lang='grc' dir='ltr'><strong><em>μνήμη</em></strong></span> <span class='ocrx_word' id='word_1_132' title='bbox 191 2094 227 2158; x_wconf 76' lang='grc' dir='ltr'><strong><em>οἱ</em></strong></span> <span class='ocrx_word' id='word_1_133' title='bbox 249 2089 345 2160; x_wconf 80' lang='grc' dir='ltr'><strong><em>αὐτοὶ</em></strong></span> <span class='ocrx_word' id='word_1_134' title='bbox 373 2095 543 2182; x_wconf 79' lang='grc' dir='ltr'><strong><em>Τυρρηνοὶ</em></strong></span> <span class='ocrx_word' id='word_1_135' title='bbox 566 2093 622 2162; x_wconf 80' lang='grc' dir='ltr'><strong><em>καὶ</em></strong></span> <span class='ocrx_word' id='word_1_136' title='bbox 645 2099 824 2180; x_wconf 85' lang='grc' dir='ltr'><strong><em>Πελασγοί.</em></strong></span> <span class='ocrx_word' id='word_1_137' title='bbox 857 2084 905 2162; x_wconf 85' lang='grc' dir='ltr'><strong><em>ῶν</em></strong></span> <span class='ocrx_word' id='word_1_138' title='bbox 929 2088 993 2177; x_wconf 83' lang='grc' dir='ltr'><strong><em>ἐγῶ</em></strong></span> <span class='ocrx_word' id='word_1_139' title='bbox 1016 2088 1071 2158; x_wconf 91' lang='grc' dir='ltr'><strong><em>λό-</em></strong></span> 
     </span>
     <span class='ocr_line' id='line_1_19' title="bbox 57 2195 1130 2287; baseline -0.005 -20"><span class='ocrx_word' id='word_1_140' title='bbox 57 2226 111 2284; x_wconf 90' lang='grc' dir='ltr'><strong><em>γον</em></strong></span> <span class='ocrx_word' id='word_1_141' title='bbox 135 2195 348 2284; x_wconf 89' lang='grc' dir='ltr'><strong><em>ἐποιησάμην</em></strong></span> <span class='ocrx_word' id='word_1_142' title='bbox 371 2204 433 2268; x_wconf 83' lang='grc' dir='ltr'><strong><em>τοῦ</em></strong></span> <span class='ocrx_word' id='word_1_143' title='bbox 458 2198 502 2286; x_wconf 91' lang='grc' dir='ltr'><strong><em>μή</em></strong></span> <span class='ocrx_word' id='word_1_144' title='bbox 525 2225 602 2268; x_wconf 92' lang='grc' dir='ltr'><strong><em>τινα</em></strong></span> <span class='ocrx_word' id='word_1_145' title='bbox 624 2203 742 2287; x_wconf 82' lang='grc' dir='ltr'><strong><em>θαῦμα</em></strong></span> <span class='ocrx_word' id='word_1_146' title='bbox 769 2207 957 2281; x_wconf 76' lang='grc' dir='ltr'><strong><em>ποιεῖσθαι,</em></strong></span> <span class='ocrx_word' id='word_1_147' title='bbox 986 2197 1071 2264; x_wconf 84' lang='grc' dir='ltr'><strong><em>ἐπει·</em></strong></span> <span class='ocrx_word' id='word_1_148' title='bbox 1125 2197 1130 2238; x_wconf 54' lang='grc' dir='ltr'><strong><em>λ</em></strong></span> 
     </span>
    </p>

    <p class='ocr_par' dir='ltr' id='par_1_5' title="bbox 21 2298 1111 2710">
     <span class='ocr_line' id='line_1_20' title="bbox 21 2298 1073 2393; baseline 0 -26"><span class='ocrx_word' id='word_1_149' title='bbox 21 2319 43 2368; x_wconf 79' lang='grc' dir='ltr'><strong><em>α</em></strong></span> <span class='ocrx_word' id='word_1_150' title='bbox 57 2304 114 2373; x_wconf 81' lang='grc' dir='ltr'><strong><em>όάν</em></strong></span> <span class='ocrx_word' id='word_1_151' title='bbox 140 2305 295 2390; x_wconf 76' lang='grc' dir='ltr'><strong><em>ποιητῶν</em></strong></span> <span class='ocrx_word' id='word_1_152' title='bbox 324 2298 345 2390; x_wconf 85' lang='grc' dir='ltr'><strong><em>ή</em></strong></span> <span class='ocrx_word' id='word_1_153' title='bbox 380 2307 604 2392; x_wconf 78' lang='grc' dir='ltr'><strong><em>συγγραφέων</em></strong></span> <span class='ocrx_word' id='word_1_154' title='bbox 637 2303 742 2393; x_wconf 87' lang='grc' dir='ltr'><strong><em>ἀκοάη</em></strong></span> <span class='ocrx_word' id='word_1_155' title='bbox 769 2302 849 2383; x_wconf 82' lang='grc' dir='ltr'><strong><em>τοὺς</em></strong></span> <span class='ocrx_word' id='word_1_156' title='bbox 874 2298 1073 2386; x_wconf 80' lang='grc' dir='ltr'><strong><em>Πελασγοὺς</em></strong></span> 
     </span>
     <span class='ocr_line' id='line_1_21' title="bbox 56 2407 1110 2499; baseline -0.008 -20"><span class='ocrx_word' id='word_1_157' title='bbox 56 2413 104 2480; x_wconf 77' lang='grc' dir='ltr'><strong><em>καὶ</em></strong></span> <span class='ocrx_word' id='word_1_158' title='bbox 131 2407 333 2495; x_wconf 74' lang='grc' dir='ltr'><strong><em>Τυρρηνοὺς</em></strong></span> <span class='ocrx_word' id='word_1_159' title='bbox 364 2409 618 2499; x_wconf 82' lang='grc' dir='ltr'><strong><em>ὀνομαζόντων,</em></strong></span> <span class='ocrx_word' id='word_1_160' title='bbox 647 2416 717 2491; x_wconf 89' lang='grc' dir='ltr'><strong><em>πῶς</em></strong></span> <span class='ocrx_word' id='word_1_161' title='bbox 746 2408 937 2498; x_wconf 88' lang='grc' dir='ltr'><strong><em>ἀμφοτέρας</em></strong></span> <span class='ocrx_word' id='word_1_162' title='bbox 970 2412 1070 2494; x_wconf 81' lang='grc' dir='ltr'><strong><em>ἔσχον</em></strong></span> <span class='ocrx_word' id='word_1_163' title='bbox 1084 2430 1110 2470; x_wconf 80' lang='grc' dir='ltr'><strong><em>ιο</em></strong></span> 
     </span>
     <span class='ocr_line' id='line_1_22' title="bbox 56 2501 1111 2605; baseline -0.005 -20"><span class='ocrx_word' id='word_1_164' title='bbox 56 2516 106 2597; x_wconf 85' lang='grc' dir='ltr'><strong><em>τάς</em></strong></span> <span class='ocrx_word' id='word_1_165' title='bbox 135 2518 333 2602; x_wconf 88' lang='grc' dir='ltr'><strong><em>ἐπωνυμίας</em></strong></span> <span class='ocrx_word' id='word_1_166' title='bbox 364 2519 399 2583; x_wconf 86' lang='grc' dir='ltr'><strong><em>ολ</em></strong></span> <span class='ocrx_word' id='word_1_167' title='bbox 426 2515 532 2586; x_wconf 82' lang='grc' dir='ltr'><strong><em>αὐτοί.</em></strong></span> <span class='ocrx_word' id='word_1_168' title='bbox 579 2522 644 2604; x_wconf 81' lang='grc' dir='ltr'><strong><em>ἔχει</em></strong></span> <span class='ocrx_word' id='word_1_169' title='bbox 673 2514 738 2605; x_wconf 85' lang='grc' dir='ltr'><strong><em>γάρ</em></strong></span> <span class='ocrx_word' id='word_1_170' title='bbox 768 2517 843 2603; x_wconf 82' lang='grc' dir='ltr'><strong><em>περὶ</em></strong></span> <span class='ocrx_word' id='word_1_171' title='bbox 871 2512 983 2582; x_wconf 83' lang='grc' dir='ltr'><strong><em>αὐτῶν</em></strong></span> <span class='ocrx_word' id='word_1_172' title='bbox 1014 2501 1111 2581; x_wconf 82' lang='grc' dir='ltr'><strong><em>καὶ3</em></strong></span> 
     </span>
     <span class='ocr_line' id='line_1_23' title="bbox 57 2620 1073 2713; baseline -0.002 -23"><span class='ocrx_word' id='word_1_173' title='bbox 57 2625 268 2707; x_wconf 75' lang='grc' dir='ltr'><strong><em>Θονκυδίδης</em></strong></span> <span class='ocrx_word' id='word_1_174' title='bbox 282 2621 344 2709; x_wconf 70' lang='grc' dir='ltr'><strong><em>μὲν</em></strong></span> <span class='ocrx_word' id='word_1_175' title='bbox 359 2625 483 2710; x_wconf 80' lang='grc' dir='ltr'><strong><em>ἐναργῆ</em></strong></span> <span class='ocrx_word' id='word_1_176' title='bbox 503 2621 605 2710; x_wconf 84' lang='grc' dir='ltr'><strong><em>ἀκτής</em></strong></span> <span class='ocrx_word' id='word_1_177' title='bbox 622 2627 680 2709; x_wconf 84' lang='grc' dir='ltr'><strong><em>τής</em></strong></span> <span class='ocrx_word' id='word_1_178' title='bbox 696 2629 843 2713; x_wconf 78' lang='grc' dir='ltr'><strong><em>Θρᾳκίας</em></strong></span> <span class='ocrx_word' id='word_1_179' title='bbox 861 2620 997 2708; x_wconf 88' lang='grc' dir='ltr'><strong><em>μνήμην</em></strong></span> <span class='ocrx_word' id='word_1_180' title='bbox 1016 2622 1073 2689; x_wconf 79' lang='grc' dir='ltr'><strong><em>καὶ</em></strong></span> 
     </span>
    </p>

    <p class='ocr_par' dir='ltr' id='par_1_6' title="bbox 121 2793 1070 2885">
     <span class='ocr_line' id='line_1_24' title="bbox 121 2793 1070 2885; baseline 0 -31"><span class='ocrx_word' id='word_1_181' title='bbox 121 2807 138 2854; x_wconf 79' lang='lat'><strong>2</strong></span> <span class='ocrx_word' id='word_1_182' title='bbox 168 2793 366 2885; x_wconf 80' lang='grc' dir='ltr'><strong><em>διαλαχόντων</em></strong></span> <span class='ocrx_word' id='word_1_183' title='bbox 393 2818 415 2854; x_wconf 89' lang='grc' dir='ltr'><strong><em>ο.</em></strong></span> <span class='ocrx_word' id='word_1_184' title='bbox 446 2801 548 2870; x_wconf 82' lang='lat' dir='ltr'>Sylbur</span> <span class='ocrx_word' id='word_1_185' title='bbox 596 2797 642 2855; x_wconf 83' lang='grc' dir='ltr'><strong><em>άελ</em></strong></span> <span class='ocrx_word' id='word_1_186' title='bbox 670 2795 814 2888; x_wconf 85' lang='grc' dir='ltr'><strong><em>λαχόντων</em></strong></span> <span class='ocrx_word' id='word_1_187' title='bbox 842 2817 864 2854; x_wconf 87' lang='lat' dir='ltr'><strong><em>c.</em></strong></span> <span class='ocrx_word' id='word_1_188' title='bbox 890 2797 978 2855; x_wconf 73' lang='lat' dir='ltr'>Cobet</span> <span class='ocrx_word' id='word_1_189' title='bbox 1007 2798 1070 2855; x_wconf 80' lang='lat' dir='ltr'>Obs.</span> 
     </span>
    </p>

    <p class='ocr_par' dir='ltr' id='par_1_7' title="bbox 57 2819 1071 2957">
     <span class='ocr_line' id='line_1_25' title="bbox 57 2819 1071 2957; baseline -0.003 -31"><span class='ocrx_word' id='word_1_190' title='bbox 57 2891 80 2943; x_wconf 89' lang='lat' dir='ltr'>p</span> <span class='ocrx_word' id='word_1_191' title='bbox 105 2875 141 2926; x_wconf 77' lang='lat'><strong><em>25</em></strong></span> <span class='ocrx_word' id='word_1_192' title='bbox 170 2865 379 2924; x_wconf 87' lang='grc' dir='ltr'><strong><em>ἀπελαθέντων</em></strong></span> <span class='ocrx_word' id='word_1_193' title='bbox 406 2889 429 2928; x_wconf 85' lang='grc' dir='ltr'><strong><em>ο.</em></strong></span> <span class='ocrx_word' id='word_1_194' title='bbox 457 2819 595 2926; x_wconf 61' lang='grc' dir='ltr'><strong><em>Βυολιοῗεε</em></strong></span> <span class='ocrx_word' id='word_1_195' title='bbox 685 2821 722 2925; x_wconf 62' lang='grc' dir='ltr'><strong><em>θχ</em></strong></span> <span class='ocrx_word' id='word_1_196' title='bbox 732 2861 806 2957; x_wconf 81' lang='grc' dir='ltr'><strong><em>ἦσαν</em></strong></span> <span class='ocrx_word' id='word_1_197' title='bbox 834 2868 867 2924; x_wconf 78' lang='grc' dir='ltr'><strong><em>δέ</em></strong></span> <span class='ocrx_word' id='word_1_198' title='bbox 898 2872 995 2925; x_wconf 76' lang='grc' dir='ltr'><strong><em>πολλοὶ</em></strong></span> <span class='ocrx_word' id='word_1_199' title='bbox 1022 2870 1071 2924; x_wconf 84' lang='lat' dir='ltr'><strong><em>AB</em></strong></span> 
     </span>
    </p>

    <p class='ocr_par' dir='ltr' id='par_1_8' title="bbox 57 2932 1075 3296">
     <span class='ocr_line' id='line_1_26' title="bbox 95 2932 1072 3024; baseline -0.003 -26"><span class='ocrx_word' id='word_1_200' title='bbox 95 2950 109 2998; x_wconf 83' lang='lat'><strong>5</strong></span> <span class='ocrx_word' id='word_1_201' title='bbox 136 2935 387 3004; x_wconf 80' lang='grc' dir='ltr'><strong><em>ἐπαναστάσειςΒ</em></strong></span> <span class='ocrx_word' id='word_1_202' title='bbox 461 2943 545 3010; x_wconf 78' lang='grc' dir='ltr'><strong><em>θεῆς</em></strong></span> <span class='ocrx_word' id='word_1_203' title='bbox 563 2941 614 3011; x_wconf 82' lang='grc' dir='ltr'><strong><em>γῆς</em></strong></span> <span class='ocrx_word' id='word_1_204' title='bbox 639 2946 643 3010; x_wconf 77' lang='grc' dir='ltr'>Ι</span> <span class='ocrx_word' id='word_1_205' title='bbox 669 2937 887 3024; x_wconf 80' lang='grc' dir='ltr'><strong><em>θιεφορήθησαν</em></strong></span> <span class='ocrx_word' id='word_1_206' title='bbox 910 2959 979 2997; x_wconf 76' lang='lat' dir='ltr'>voce</span> <span class='ocrx_word' id='word_1_207' title='bbox 997 2932 1072 3010; x_wconf 87' lang='grc' dir='ltr'><strong><em>ήσαν</em></strong></span> 
     </span>
     <span class='ocr_line' id='line_1_27' title="bbox 59 3010 1073 3100; baseline -0.004 -30"><span class='ocrx_word' id='word_1_208' title='bbox 59 3017 156 3070; x_wconf 76' lang='lat' dir='ltr'>omissa</span> <span class='ocrx_word' id='word_1_209' title='bbox 182 3010 236 3064; x_wconf 87' lang='lat' dir='ltr'><strong><em>AB</em></strong></span> <span class='ocrx_word' id='word_1_210' title='bbox 309 3019 323 3066; x_wconf 80' lang='lat'>7</span> <span class='ocrx_word' id='word_1_211' title='bbox 347 3032 377 3068; x_wconf 84' lang='grc' dir='ltr'><strong><em>τε</em></strong></span> <span class='ocrx_word' id='word_1_212' title='bbox 396 3014 460 3069; x_wconf 78' lang='lat' dir='ltr'>add.</span> <span class='ocrx_word' id='word_1_213' title='bbox 480 3012 621 3082; x_wconf 81' lang='lat' dir='ltr'>Kiessling</span> <span class='ocrx_word' id='word_1_214' title='bbox 693 3019 757 3068; x_wconf 88' lang='grc' dir='ltr'><strong><em>8τε</em></strong></span> <span class='ocrx_word' id='word_1_215' title='bbox 777 3011 954 3100; x_wconf 77' lang='grc' dir='ltr'><strong><em>πετοιῆρθαι</em></strong></span> <span class='ocrx_word' id='word_1_216' title='bbox 973 3012 1020 3067; x_wconf 90' lang='lat' dir='ltr'><strong><em>Bb</em></strong></span> <span class='ocrx_word' id='word_1_217' title='bbox 1043 3031 1073 3066; x_wconf 92' lang='grc' dir='ltr'><strong><em>τε</em></strong></span> 
     </span>
     <span class='ocr_line' id='line_1_28' title="bbox 57 3078 1073 3150; baseline -0.003 -10"><span class='ocrx_word' id='word_1_218' title='bbox 57 3085 244 3142; x_wconf 85' lang='grc' dir='ltr'><strong><em>πεποιεῑσθαι</em></strong></span> <span class='ocrx_word' id='word_1_219' title='bbox 262 3082 309 3136; x_wconf 76' lang='lat' dir='ltr'><strong><em>Ba.</em></strong></span> <span class='ocrx_word' id='word_1_220' title='bbox 326 3089 476 3139; x_wconf 86' lang='grc' dir='ltr'><strong><em>ποιεῖσθαι</em></strong></span> <span class='ocrx_word' id='word_1_221' title='bbox 494 3087 533 3150; x_wconf 80' lang='grc' dir='ltr'><strong><em>Α,</em></strong></span> <span class='ocrx_word' id='word_1_222' title='bbox 553 3101 622 3139; x_wconf 79' lang='lat' dir='ltr'>corr.</span> <span class='ocrx_word' id='word_1_223' title='bbox 641 3084 753 3138; x_wconf 75' lang='lat' dir='ltr'><strong>Ritschl</strong></span> <span class='ocrx_word' id='word_1_224' title='bbox 826 3091 858 3138; x_wconf 91' lang='lat'><strong><em>11</em></strong></span> <span class='ocrx_word' id='word_1_225' title='bbox 879 3078 1073 3138; x_wconf 84' lang='grc' dir='ltr'><strong><em>άπολελαυιιό·</em></strong></span> 
     </span>
     <span class='ocr_line' id='line_1_29' title="bbox 59 3152 1074 3224; baseline -0.002 -14"><span class='ocrx_word' id='word_1_226' title='bbox 59 3155 160 3222; x_wconf 81' lang='grc' dir='ltr'><strong><em>τεςΟ,</em></strong></span> <span class='ocrx_word' id='word_1_227' title='bbox 182 3169 253 3206; x_wconf 82' lang='lat' dir='ltr'>corr.</span> <span class='ocrx_word' id='word_1_228' title='bbox 273 3152 432 3224; x_wconf 66' lang='lat' dir='ltr'>Shephanus</span> <span class='ocrx_word' id='word_1_229' title='bbox 505 3161 538 3209; x_wconf 82' lang='lat'><strong><em>12</em></strong></span> <span class='ocrx_word' id='word_1_230' title='bbox 557 3174 586 3209; x_wconf 84' lang='grc' dir='ltr'><strong><em>τε</em></strong></span> <span class='ocrx_word' id='word_1_231' title='bbox 608 3171 661 3210; x_wconf 89' lang='lat' dir='ltr'><strong><em>om.</em></strong></span> <span class='ocrx_word' id='word_1_232' title='bbox 681 3157 707 3210; x_wconf 82' lang='lat' dir='ltr'>A</span> <span class='ocrx_word' id='word_1_233' title='bbox 785 3161 818 3208; x_wconf 85' lang='lat'><strong><em>13</em></strong></span> <span class='ocrx_word' id='word_1_234' title='bbox 837 3173 888 3208; x_wconf 90' lang='grc' dir='ltr'><strong><em>τον</em></strong></span> <span class='ocrx_word' id='word_1_235' title='bbox 908 3155 962 3208; x_wconf 80' lang='lat' dir='ltr'><strong><em>del</em></strong></span> <span class='ocrx_word' id='word_1_236' title='bbox 983 3154 1074 3208; x_wconf 74' lang='lat' dir='ltr'><strong>Sinte-</strong></span> 
     </span>
     <span class='ocr_line' id='line_1_30' title="bbox 58 3220 1075 3310; baseline -0.002 -30"><span class='ocrx_word' id='word_1_237' title='bbox 58 3229 97 3282; x_wconf 75' lang='lat' dir='ltr'><strong><em>nis</em></strong></span> <span class='ocrx_word' id='word_1_238' title='bbox 124 3225 191 3280; x_wconf 83' lang='lat' dir='ltr'><strong><em>Em.</em></strong></span> <span class='ocrx_word' id='word_1_239' title='bbox 218 3223 301 3310; x_wconf 82' lang='lat' dir='ltr'>Dipn</span> <span class='ocrx_word' id='word_1_240' title='bbox 324 3225 337 3278; x_wconf 93' lang='lat' dir='ltr'>I</span> <span class='ocrx_word' id='word_1_241' title='bbox 365 3245 392 3296; x_wconf 90' lang='lat' dir='ltr'><strong><em>p.</em></strong></span> <span class='ocrx_word' id='word_1_242' title='bbox 418 3233 452 3282; x_wconf 90' lang='lat'><strong><em>10</em></strong></span> <span class='ocrx_word' id='word_1_243' title='bbox 543 3233 575 3280; x_wconf 88' lang='grc'><strong><em>19</em></strong></span> <span class='ocrx_word' id='word_1_244' title='bbox 599 3223 666 3288; x_wconf 77' lang='grc' dir='ltr'><strong><em>τούς</em></strong></span> <span class='ocrx_word' id='word_1_245' title='bbox 694 3224 717 3279; x_wconf 96' lang='lat' dir='ltr'>O</span> <span class='ocrx_word' id='word_1_246' title='bbox 747 3220 854 3288; x_wconf 73' lang='grc' dir='ltr'><strong><em>αὐτοὺς</em></strong></span> <span class='ocrx_word' id='word_1_247' title='bbox 882 3241 905 3278; x_wconf 86' lang='grc' dir='ltr'><strong><em>ο.</em></strong></span> <span class='ocrx_word' id='word_1_248' title='bbox 931 3225 1075 3294; x_wconf 80' lang='lat' dir='ltr'>Kiessling</span> 
     </span>
    </p>
   </div>
   <div class='ocr_carea' id='block_1_3' title="bbox 57 3289 1076 3494">
    <p class='ocr_par' dir='ltr' id='par_1_9' title="bbox 57 3289 1076 3440">
     <span class='ocr_line' id='line_1_31' title="bbox 88 3289 1074 3366; baseline -0.003 -14"><span class='ocrx_word' id='word_1_249' title='bbox 88 3303 121 3352; x_wconf 75' lang='lat'><strong><em>21</em></strong></span> <span class='ocrx_word' id='word_1_250' title='bbox 142 3293 210 3363; x_wconf 80' lang='grc' dir='ltr'><strong><em>περὶ</em></strong></span> <span class='ocrx_word' id='word_1_251' title='bbox 229 3289 327 3349; x_wconf 77' lang='grc' dir='ltr'><strong><em>αὐτῶν</em></strong></span> <span class='ocrx_word' id='word_1_252' title='bbox 346 3299 370 3351; x_wconf 84' lang='grc' dir='ltr'><strong>Α</strong></span> <span class='ocrx_word' id='word_1_253' title='bbox 390 3299 438 3352; x_wconf 79' lang='grc' dir='ltr'><strong><em>καλ</em></strong></span> <span class='ocrx_word' id='word_1_254' title='bbox 457 3296 522 3366; x_wconf 75' lang='grc' dir='ltr'><strong><em>περὶ</em></strong></span> <span class='ocrx_word' id='word_1_255' title='bbox 541 3291 636 3352; x_wconf 75' lang='grc' dir='ltr'><strong><em>αὐτῶν</em></strong></span> <span class='ocrx_word' id='word_1_256' title='bbox 654 3297 677 3350; x_wconf 91' lang='grc' dir='ltr'>Β</span> <span class='ocrx_word' id='word_1_257' title='bbox 696 3314 765 3352; x_wconf 79' lang='lat' dir='ltr'>corr.</span> <span class='ocrx_word' id='word_1_258' title='bbox 784 3296 902 3364; x_wconf 70' lang='lat' dir='ltr'>Ritsohl,</span> <span class='ocrx_word' id='word_1_259' title='bbox 922 3295 977 3350; x_wconf 84' lang='lat' dir='ltr'>del.</span> <span class='ocrx_word' id='word_1_260' title='bbox 996 3291 1074 3349; x_wconf 77' lang='lat' dir='ltr'><strong>Mad-</strong></span> 
     </span>
     <span class='ocr_line' id='line_1_32' title="bbox 57 3338 1076 3494; baseline -0.001 -73"><span class='ocrx_word' id='word_1_261' title='bbox 57 3369 101 3440; x_wconf 78' lang='lat' dir='ltr'><strong><em>vig</em></strong></span> <span class='ocrx_word' id='word_1_262' title='bbox 126 3364 234 3421; x_wconf 80' lang='lat' dir='ltr'>Adv.1</span> <span class='ocrx_word' id='word_1_263' title='bbox 262 3384 290 3435; x_wconf 92' lang='lat' dir='ltr'><strong><em>p.</em></strong></span> <span class='ocrx_word' id='word_1_264' title='bbox 314 3373 398 3494; x_wconf 63' lang='grc' dir='ltr'><strong><em>’λθθχ</em></strong></span> <span class='ocrx_word' id='word_1_265' title='bbox 401 3375 478 3493; x_wconf 49' lang='grc'><strong><em>’122</em></strong></span> <span class='ocrx_word' id='word_1_266' title='bbox 497 3365 746 3438; x_wconf 74' lang='grc' dir='ltr'><strong><em>θουκνὸίόηςμέν</em></strong></span> <span class='ocrx_word' id='word_1_267' title='bbox 766 3365 798 3422; x_wconf 91' lang='grc' dir='ltr'><strong><em>ἐν</em></strong></span> <span class='ocrx_word' id='word_1_268' title='bbox 766 3365 869 3422; x_wconf 86' lang='grc' dir='ltr'><strong><em>ἐΑΒ</em></strong></span> <span class='ocrx_word' id='word_1_269' title='bbox 885 3338 923 3436; x_wconf 85' lang='grc' dir='ltr'><strong><em>Ι’</em></strong></span> <span class='ocrx_word' id='word_1_270' title='bbox 905 3385 1007 3434; x_wconf 82' lang='grc' dir='ltr'><strong><em>αρκτηι</em></strong></span> <span class='ocrx_word' id='word_1_271' title='bbox 1025 3367 1076 3434; x_wconf 76' lang='grc' dir='ltr'><strong><em>τῆς</em></strong></span> 
     </span>
    </p>
   </div>
   <div class='ocr_carea' id='block_1_4' title="bbox 57 3482 1075 3564">
    <p class='ocr_par' dir='ltr' id='par_1_10' title="bbox 57 3482 1075 3564">
     <span class='ocr_line' id='line_1_33' title="bbox 57 3482 1075 3564; baseline -0.005 -18"><span class='ocrx_word' id='word_1_272' title='bbox 57 3494 179 3562; x_wconf 83' lang='grc' dir='ltr'><strong><em>θρακέας</em></strong></span> <span class='ocrx_word' id='word_1_273' title='bbox 193 3488 373 3564; x_wconf 83' lang='grc' dir='ltr'><strong><em>μνήμηιΑ’</em></strong></span> <span class='ocrx_word' id='word_1_274' title='bbox 355 3499 458 3562; x_wconf 83' lang='grc' dir='ltr'><strong><em>αρκτηῑ</em></strong></span> <span class='ocrx_word' id='word_1_275' title='bbox 470 3493 520 3562; x_wconf 79' lang='grc' dir='ltr'><strong><em>τῆς</em></strong></span> <span class='ocrx_word' id='word_1_276' title='bbox 538 3494 664 3560; x_wconf 84' lang='grc' dir='ltr'><strong><em>θρακλας</em></strong></span> <span class='ocrx_word' id='word_1_277' title='bbox 683 3485 779 3560; x_wconf 88' lang='grc' dir='ltr'><strong><em>μνήμη</em></strong></span> <span class='ocrx_word' id='word_1_278' title='bbox 799 3490 821 3542; x_wconf 92' lang='grc' dir='ltr'>Β</span> <span class='ocrx_word' id='word_1_279' title='bbox 838 3491 842 3556; x_wconf 93' lang='grc' dir='ltr'>Ι</span> <span class='ocrx_word' id='word_1_280' title='bbox 860 3485 918 3556; x_wconf 79' lang='grc' dir='ltr'><strong><em>ἔχει</em></strong></span> <span class='ocrx_word' id='word_1_281' title='bbox 939 3482 994 3555; x_wconf 88' lang='grc' dir='ltr'><strong><em>γάρ</em></strong></span> <span class='ocrx_word' id='word_1_282' title='bbox 1009 3489 1075 3556; x_wconf 81' lang='grc' dir='ltr'><strong><em>περὶ</em></strong></span> 
     </span>
    </p>
   </div>
   <div class='ocr_carea' id='block_1_5' title="bbox 0 0 1210 3912">
    <p class='ocr_par' dir='ltr' id='par_1_11' title="bbox 0 0 1210 3912">
     <span class='ocr_line' id='line_1_34' title="bbox 0 0 1210 3912; baseline 0 0"><span class='ocrx_word' id='word_1_283' title='bbox 0 0 1210 3912; x_wconf 95' lang='lat' dir='ltr'><strong><em> </em></strong></span> 
     </span>
    </p>
   </div>
  </div>
 </body>
</html>
