2404 3918
588 218 754 269 -Γ..

163 382 225 444 λον
248 372 265 444 ό
291 372 448 461 βασιλεὺς
470 376 701 463 ἐστράτευσεν·
724 366 767 462 ἦν
787 377 824 442 δὲ
842 372 979 460 κάκείνη
998 378 1058 442 τοῦ
1077 380 1167 442 Λατί-

163 509 235 550 νων
272 487 397 562 ἔθνους
428 479 449 569 ή
487 481 591 562 πόλις.
651 481 855 569 λεηλατήσας
892 481 930 550 δὲ
966 479 1027 568 τήν
1059 480 1193 569 χάρανίί

163 585 277 658 αὐτῶν
313 593 397 658 κατὰ
439 585 568 675 πολλήν
609 586 729 658 ἄδειαν
772 586 913 669 οὐδενὸς
954 584 1037 675 ὑπὲρ
1076 585 1170 673 αὐτῆς

165 678 383 783 ἀμυνομένου
410 693 494 780 πρός
521 694 628 782 αὐτήν
651 695 865 781 στρατεύεται
891 693 955 782 τήν
976 693 1075 764 πόλιν
1097 719 1168 779 προ-

138 803 372 890 σκαλούμενος
393 801 473 882 τοὺς
495 801 624 890 ἀνδρας
651 807 699 883 είς
726 807 858 889 φιλίαν·
890 798 932 870 οό
960 803 1169 888 βουλομένων

166 910 203 978 δὲ
231 906 346 978 αὐτοῖν
377 914 425 990 είς
452 907 634 997 διαλλαγὰς
662 910 791 995 ἐλθεῖν,
823 906 909 978 ἀλλὰ
938 909 995 976 καὶ
1023 911 1086 976 τοῦ
1115 914 1168 976 τεί

98 1079 101 1086 .
165 1041 247 1104 χονς
272 1019 313 1104 τῇ
342 1015 517 1105 ἐχυρότητι
548 1015 763 1085 πεποιθότων
795 1016 851 1084 καί
883 1021 1071 1102 συμμαχίας
1102 1023 1169 1082 πολ-

165 1121 313 1209 λαχόθεν
337 1120 430 1210 ήξειν
454 1123 635 1211 οίομένων,
658 1123 735 1210 περὶ
757 1121 868 1190 πάντα
890 1120 952 1191 τὸν
975 1123 1101 1190 κύκλον
1121 1125 1168 1206 τῆς

127 1227 294 1310 5τιόλεως
320 1227 384 1316 τήν
412 1232 558 1316 δύναμιν
590 1227 789 1317 περιστήσας
819 1228 1032 1317 ἐτειχομάχει.
1084 1231 1116 1296 οί
1137 1227 1166 1293 δὲ

126 1351 152 1392 1⁰
166 1335 417 1420 Κορνικολανοὶ
439 1335 551 1405 πολὺν
574 1335 635 1423 μὲν
660 1335 786 1424 χρόνον
811 1333 995 1422 [ἀντεῖχον]
1019 1332 1164 1422 ἀνδρείως

165 1440 418 1530 ἀπομαχόμενοι
447 1443 529 1528 [καὶ]
553 1441 677 1522 πολλάς
704 1456 775 1522 τοῖς
800 1445 1034 1528 προσβαλοῦσι
1057 1439 1158 1526 πληγίς

166 1552 311 1635 ἔδωκαν,
339 1548 525 1646 κάμνοντες
557 1549 595 1618 δέ
625 1552 665 1638 νή
698 1554 853 1639 συνεχείᾳ
883 1552 953 1617 τῶν
979 1547 1093 1617 πόνων
1113 1546 1150 1614 καί

166 1653 247 1723 οὐδὲ
277 1653 340 1742 τήν
378 1652 483 1742 αότήν
521 1660 569 1724 ἐτι
604 1654 745 1743 γνάμην
777 1653 920 1734 ἅπαντες
956 1653 1160 1744 φυλάττοντες
1192 1709 1193 1744 4

167 1762 252 1851 (τοῖς
274 1761 423 1852 μὲνγὰρ
447 1759 556 1831 ἐδόκει
579 1761 808 1851 παραδιδόναι
829 1759 893 1848 τήν
915 1761 1029 1848 πόλιν,
1052 1775 1120 1841 τοῖς
1139 1759 1165 1826 δε

127 1890 153 1933 ιι
167 1870 262 1957 μέχρι
281 1867 406 1948 παντὸς
425 1865 592 1959 ἀντέχειν)
611 1865 657 1937 δι’
674 1865 756 1938 αὐτὸ
774 1867 812 1937 τὸ
832 1868 1021 1950 στασιάζειν
1039 1870 1167 1956 μάλιστα

127 1973 456 2062 6καταπονοόμενοι
487 1976 571 2045 κατὰ
603 1974 724 2064 κράτος
756 1975 918 2045 ἑάλωσαν.
963 1973 1001 2044 τὸ
1030 1975 1095 2062 μὲν
1120 1967 1169 2042 οίν

165 2080 344 2168 κράτιστον
373 2079 486 2150 αὐτῶν
512 2083 614 2171 μέρος
642 2084 679 2152 ἐν
706 2085 747 2171 νή
769 2081 952 2169 καταλήψει
974 2086 1032 2170 τῆς
1055 2081 1171 2160 πόλεως

166 2187 358 2276 μαχόμενον
388 2188 575 2278 διεφθάρη,
605 2189 643 2258 τὸ
674 2189 713 2258 δέ
741 2186 881 2275 ἀγεννὲς
908 2189 964 2257 καί
994 2187 1054 2256 διά
1085 2193 1170 2258 τοῦτο

169 2292 283 2362 σωθέν
312 2297 349 2363 ἐν
376 2291 605 2384 ἀνδραπόδων
632 2295 764 2383 ἐπράθη
797 2295 887 2388 λόγῳ
914 2295 1074 2382 γυναιξίν
1099 2294 1171 2383 όμοῦ

128 2413 155 2455 2⁰
168 2400 225 2467 καὶ
241 2402 382 2486 τέκνοις,
404 2397 425 2488 ή
446 2400 488 2469 δέ
505 2403 603 2482 πόλις
621 2398 734 2470 αὐτῶν
759 2405 1007 2490 διαρπασθεῖσα
1028 2399 1099 2472 ὑπὸ
1117 2405 1171 2470 τόν

128 2505 417 2593 λκεκρατηκότων
445 2507 646 2595 ἐνεπρήσθη.
691 2506 745 2595 ἐφ’
775 2501 825 2588 οἷς
855 2511 891 2577 οί
916 2514 1060 2578 Λατῖνοι
1089 2505 1191 2699 χαλε-Ὗ

165 2617 235 2692 πῶς
267 2614 428 2700 φέροντες
460 2616 669 2701 ἐψηφίσαντο
701 2619 799 2704 κοινή
833 2613 992 2704 στρατιάν
1025 2616 1081 2684 ἐπὶ
1107 2615 1170 2682 Ῥα-

167 2725 288 2808 μαίους
315 2721 489 2808 ἐξαγαγεῖν
521 2722 577 2790 καί
603 2721 938 2810 παρασκευασάμενοι
965 2721 1097 2810 πολλὴν
1124 2720 1171 2789 δό-

167 2853 270 2914 ναμιν
298 2831 347 2907 είς
374 2826 438 2915 τήν
465 2833 645 2916 κρατίστην
668 2827 781 2916 χοόραν
805 2825 924 2898 αὐτῶν
940 2830 1120 2916 ἐνέβαλον,
1144 2830 1169 2906 ἐξ
1189 2895 1190 2902 ¹

127 2953 154 2996 ιε
167 2923 207 3019 ής
230 2933 461 3021 αίχμαλάτους
483 2961 518 3004 τε
541 2933 687 3016 πολλοὺς
710 2932 886 3021 ἀπήγαγον
914 2936 972 3004 καὶ
1000 2941 1092 3016 λείας
1113 2925 1190 3020 ἐγίί

167 3066 269 3108 νοντο
289 3039 434 3128 μεγάλης
451 3039 572 3130 κύριοι.
610 3039 772 3130 βασιλεὺς
795 3040 832 3109 δέ
855 3040 1044 3129 Ταρκύνιος
1062 3045 1167 3129 ἐξήλθε

185 3195 409 3328 πνοαί
432 3197 724 3328 ’.καινάν
745 3196 931 3328 κείω·
954 3202 1166 3330 θείων

167 3293 217 3396 δον
230 3337 428 3410 κορνικολάνοι
456 3315 508 3396 AB
524 3291 665 3412 {p'dvsczov
690 3344 714 3396 A
743 3357 796 3397 om.
825 3292 859 3396 Βκ
916 3293 968 3399 vn
997 3291 1122 3400 κάίηδω.
1145 3343 1163 3395 A

170 3417 202 3464 12
223 3408 334 3465 ἔδωκαν
352 3413 379 3466 R
397 3409 541 3466 ἔδοσανΒ
618 3419 652 3468 16
671 3409 745 3468 κατὰ
767 3409 870 3480 κράτος
891 3413 990 3472 om.B
1067 3422 1098 3470 21
1116 3411 1163 3469 ἐνε-

169 3473 505 3549 πρίσθηΑΙέφ’ήςΔ
576 3484 821 3540 2512B0m.R
