2396 3918
445 211 612 264 -A-
994 211 1037 276 93

52 370 162 438 ἐποιεῖτο
196 367 384 458 ἀρχομένης
416 371 459 438 ἔω
493 373 728 459 συμφέρεσθαι
760 386 830 452 τοῖς
859 377 1039 460 πολεμίοις.

51 474 181 560 ἐγνωκότι
208 475 245 558 δὲ
267 473 357 568 αὐτῷ
381 479 485 544 ταῦτα
508 478 597 564 λέγει
611 503 661 556 τις
679 476 813 558 έπιστάς
834 477 910 546 καθ’
926 477 1038 548 ὕπνον

51 581 197 672 ίτιχάριος
228 587 361 670 δαίμων
392 584 552 671 δέχεσθαι
581 583 660 664 τοὺς
684 582 851 672 Ἕλληνας
879 589 919 674 τῇ
946 586 1039 676 χάρη

21 695 227 773 146οννοίκους·
259 687 353 776 ἥκειν
376 687 441 778 γάρ
465 687 588 769 αὐτοὺς
611 693 694 778 μέγα
718 689 879 779 ὠφέλημα
903 697 1037 783 Λατίνῳ

49 796 84 862 καί
99 793 218 864 κοινὸν
238 794 461 885 Ἀβοριγίνων
475 793 625 883 ἀγαθόν·
648 802 770 888 Αίνείιγι
782 821 819 867 τε
833 802 868 866 oc
889 803 1038 890 πατρῷοι
1052 819 1065 863 ε

49 903 98 970 θεοί
119 907 177 990 τῆς
200 901 304 990 αι’πης
327 901 450 983 νυκτὸς
472 906 637 990 φανέντες
662 904 947 994 παρακελεύονται
968 910 1038 973 πεί-

51 1018 100 1077 θειν
122 1017 274 1079 Λατῖνον
298 1009 418 1078 ἑκόντα
441 1026 627 1101 παρασχεῖν
650 1017 747 1099 σφίσι
769 1010 832 1099 τὴν
854 1020 986 1098 οίκησιν
1001 1014 1039 1080 έν

54 1107 254 1205 ἀβούλονται
277 1123 404 1208 χωρίῳ,
431 1118 488 1185 καὶ
511 1118 702 1207 χρησασθαι
727 1117 870 1205 δυνάμει
888 1118 1039 1205 Ἑλληνι-

50 1226 77 1310 κῇ
96 1223 254 1316 συμμάχῳ
282 1229 412 1312 μᾶλλον
440 1221 460 1312 ἢ
492 1224 664 1317 διαφόρῳ·
696 1223 908 1315 ἀμφοτέρους
936 1225 974 1293 δὲ
1000 1222 1038 1294 τὸ

47 1327 107 1420 όναρ
130 1331 277 1400 έαοόλυεν
300 1330 417 1418 ἀρχειν
441 1331 556 1419 μάλης·
589 1329 634 1412 ἀς
657 1331 695 1400 δὲ
717 1329 825 1420 ἡμέρα
837 1357 874 1401 τε
896 1333 1039 1418 ἐγένετο,
1054 1357 1081 1397 ιο

44 1438 79 1504 καί
109 1437 385 1526 διεκοσμήθησαν
415 1443 462 1518 είς
489 1439 600 1526 μάχην
624 1443 667 1507 ,αί
693 1439 869 1527 δυνάμεις,
899 1437 1040 1529 κήρυκες

43 1533 105 1627 διον
134 1543 180 1626 ὡς
202 1544 282 1626 τοὺς
309 1544 477 1633 ἡγεμόνας
501 1548 710 1630 ἑκατέρωθεν
733 1545 771 1616 τὸ
801 1544 882 1616 αὐτὸ
906 1544 1039 1628 ἀξιοῦν-

42 1675 84 1735 τες,
104 1660 287 1722 συνελθεῖν
305 1651 465 1740 ἀλληλοις
483 1657 530 1731 είς
547 1651 683 1738 λόγους·
703 1654 760 1720 καί
778 1655 909 1740 ἐγένετο
930 1655 1040 1720 τοῦτο.

87 1761 206 1827 LVIH.
229 1763 372 1847 Πρῶτος
396 1757 434 1826 δὲ
457 1756 476 1826 6
498 1766 645 1839 Λατῖνος
669 1764 815 1847 ἔγκλημα
837 1757 1040 1846 ποιούμενος

39 1861 81 1932 τὸν
114 1864 292 1952 αίφνίδιόν
325 1891 360 1933 τε
395 1865 452 1932 καί
483 1863 728 1951 ἀκατάγγελτον
762 1865 910 1953 πόλεμον
943 1864 1040 1952 ἠξίου
1054 1887 1079 1928 ιτ

39 1969 82 2038 τόν
105 1977 249 2040 Αίνείαν
273 1974 395 2059 λέγειν,
419 1969 511 2051 ὅστις
535 1967 583 2040 τόν
606 1973 662 2039 καλ
685 1978 721 2041 τί
740 1972 949 2060 βουλόμενος
967 1970 1040 2057 ἀγει
1136 2013 1144 2031 ·

38 2080 196 2168 καὶφέρει
225 2077 266 2147 τά
293 2082 399 2166 χωρία
422 2076 602 2157 πεπονθός
628 2105 664 2146 τε
688 2077 790 2146 οὐδὲν
820 2077 935 2147 δεινὸν
958 2077 1040 2166 πρό-

37 2209 116 2272 τερος
136 2185 194 2253 καὶ
215 2183 276 2252 οὐκ
299 2183 436 2270 άγνοῶν
459 2183 512 2252 ότι
528 2183 588 2252 τὸν
612 2183 759 2272 ἀρχοντα
772 2189 921 2273 πολέμου
943 2182 1040 2264 πάςὸ

37 2289 211 2377 τροπαθδν
239 2290 419 2379 ἀμύνεται·
451 2290 626 2379 παρασχόν
649 2317 684 2360 τε
714 2287 757 2360 ἀν
782 2291 870 2383 αὐτῷ
894 2295 979 2375 πάν,
1010 2300 1044 2359 εί

17 2411 114 2477 λιιινος
147 2401 256 2468 ἐδεῖτο
290 2402 447 2486 μετρίου,
479 2395 564 2484 πρὸς
597 2402 716 2484 φιλίαν
745 2399 800 2465 καὶ
828 2396 911 2486 παρ’
945 2396 1079 2465 ἑκόν-εο

37 2530 88 2572 των
112 2503 331 2594 εὑρίσκεσθαι
354 2509 422 2574 τῶν
445 2507 626 2593 ἐγχωρίων,
649 2502 831 2592 παρελθὼν
854 2501 916 2590 τὴν
934 2501 1039 2572 ἀπάν-

36 2636 89 2678 των
118 2611 316 2700 ἀνθρώπων
348 2616 525 2680 δικαίωσιν
556 2621 689 2700 αίσχιον
712 2608 733 2698 ἢ
757 2610 896 2680 κάλλιον
918 2609 1040 2698 ἠξίωσε

37 2722 100 2799 βίαν
121 2722 330 2808 προσφέρων
353 2717 393 2788 τά
417 2717 502 2788 αάτδι
525 2718 720 2806 λαμβάνειν.
757 2723 895 2787 τοιαῦτα
920 2719 958 2786 δὲ
980 2717 1074 2789 ατί-2

37 2829 83 2891 τοῦ
114 2828 355 2913 διαλεχθέντος
386 2823 587 2911 ἀπεκρίνατο
616 2829 769 2904 Αίνείας·
798 2822 910 2912 Ημεῖς
941 2827 1040 2912 γένος
1111 2851 1181 2916 μ’·

36 2928 84 3012 μεν
110 2935 223 3020 Τρωές
246 2933 362 3019 ἐσμεν,
385 2931 515 3060 πόλεῳς
538 2931 576 2999 δὲ
600 2928 641 2998 οό
665 2936 724 3017 τῆς
747 2929 978 3019 ἀφανεστάτης
1002 2935 1038 3001 έν
1053 2955 1079 2995 ει
1108 2913 1137 2968 ‘²⁶

32 3030 173 3124 Ἑλλησιν
206 3037 410 3125 ἐγενόμεθα·
456 3065 499 3125 ην
532 3035 774 3126 ἀφαιρεθέντες
809 3036 866 3106 ὑπ’
899 3038 1039 3167 Ἀχαιῶν

38 3143 171 3215 δεκαετεῖ
200 3149 333 3237 πολέμῳ
366 3155 606 3235 χειρωθεῖσαν,
640 3143 758 3232 ἀληται
786 3145 1039 3235 περιερχόμενοι

94 3341 226 3396 ὅτεΑΒ
301 3348 333 3396 12
352 3334 766 3427 ἦγονβωγτὸαάτόοωελ
839 3337 1041 3428 13έγίνετοΑ

39 3412 62 3461 16
74 3403 155 3482 ἀν]
136 3432 174 3482 ην
188 3413 211 3466 Β
268 3419 300 3468 19
309 3409 462 3500 παρασχὸν
477 3413 599 3482 Sylburg
611 3407 798 3516 παρασχδνΟ
816 3408 853 3480 Ι
836 3433 872 3466 αν
887 3413 941 3466 del.
952 3412 1040 3469 Cobet

40 3475 89 3537 Obs.
107 3502 133 3554 p.
154 3491 188 3539 32
244 3491 280 3540 24
299 3479 467 3554 ἀπεκρίνετο
486 3487 532 3540 Ba
593 3491 627 3538 26
646 3478 769 3538 *δποΟ
831 3477 1039 3550 θλάλῆτεςΒω
