2404 3918
118 230 185 296 300
543 234 711 287 -Γ-

116 397 261 479 θυμίας,
288 390 416 480 χρόνον
439 389 615 481 ᾐτησάμην
644 396 692 472 είς
717 390 848 480 βουλήν
876 390 1047 480 ἀνακωχὰς
1072 395 1155 462 δε-σο

117 499 283 586 χημέρονς
309 498 553 587 ποιησάμενος·
586 496 631 580 ὡς
664 498 702 568 δὲ
733 497 906 588 ἀφικόμην
940 502 1038 587 δεῦρο
1067 497 1120 585 τήν

116 606 248 694 βουλήν
277 606 485 676 συνεκάλεσα
511 607 568 676 καὶ
594 605 777 695 προῦθηκα
802 607 964 695 περὶτοῦ
986 605 1122 696 πράγμα-

117 739 174 794 τος
201 715 238 783 ἐν
265 717 370 806 κοινῷ
394 727 547 783 σκοπείν·
584 713 690 796 δόξαν
722 714 760 784 δὲ
790 727 864 795 ταῖς
892 717 1023 783 πλείοσι
1049 712 1122 800 γνά-
1185 749 1186 772 ι

78 843 91 884 ε
118 847 211 909 μαις,
240 826 271 889 εί
296 819 360 909 μὲν
388 819 521 901 ἑκόντες
548 818 774 908 ἀναδέχοισθε
801 819 863 890 τὸν
892 819 1010 908 ἀγῶνα
1031 820 1124 889 καλὸν

118 926 201 997 ὄντα
227 928 283 996 καὶ
310 927 526 1015 προσήκοντα
551 925 651 1016 ὑμῖν,
680 923 721 997 ὃν
749 926 814 1015 έγεδ
841 927 1021 1016 πρόθυμος
1046 927 1124 1017 ήμην

118 1033 223 1121 μόνος
245 1031 329 1123 ὑπὲρ
353 1031 513 1102 ἁπάντων
535 1037 827 1121 διαγωνίσασθαι,
850 1037 1003 1104 ἐπαινεῖν
1024 1035 1125 1105 τεκαὶ

118 1143 277 1227 δέχεσθαι
303 1138 367 1228 τήν
395 1139 495 1228 χάριν
522 1138 636 1228 ὑμῶν,
664 1145 696 1210 εί
717 1140 755 1210 δὲ
783 1138 821 1210 τὸ
845 1141 1007 1228 συγγενὲς
1030 1143 1125 1229 ἐντρε-

116 1247 259 1335 πόμενοι
282 1251 425 1335 μίασμα,
449 1244 491 1316 οὐ
515 1246 580 1337 γὰρ
604 1246 647 1336 δή
669 1249 768 1317 κακοὶ
793 1246 906 1337 ψυχήν
930 1246 1126 1337 ὁμολογοῦν-

77 1377 103 1418 10
117 1380 170 1434 τες
193 1351 292 1438 εἶναι,
314 1350 394 1435 τοὺς
417 1356 479 1436 ἔξω
501 1358 564 1423 τοῦ
587 1357 709 1441 γένους
727 1353 904 1437 ἀξιώσαιτε
925 1364 1053 1442 καλεῖν,
1075 1382 1125 1443 μη-

117 1463 239 1548 δεμίαν
262 1457 343 1549 ὑμίν
367 1457 521 1550 ἀνάγκην
540 1463 755 1550 προσφέρειν.
798 1465 903 1532 ταῦτα
924 1466 985 1550 τής
1007 1465 1156 1549 βουλήςλα

117 1568 354 1654 ψηφισαμένης
380 1568 436 1635 καὶ
464 1564 541 1637 οὕτε
570 1566 656 1656 πρὸς
685 1564 794 1657 ὀργήν
822 1570 1004 1657 δεξομένης
1031 1573 1063 1637 εί
1087 1565 1124 1636 δι’

117 1671 223 1743 ὄκνου
244 1671 283 1743 τὸ
308 1677 409 1760 ἔργον
432 1672 568 1760 λάβοιτε
592 1672 670 1744 ου”τε
692 1674 816 1763 μικρὰν
838 1674 938 1764 χάριν
962 1677 1127 1764 εἰσομένης

117 1777 199 1867 ὑμῖν
232 1783 263 1848 εί
293 1780 494 1870 τιμιωτέραν
526 1778 717 1868 ἡγήσαισθε
752 1783 812 1868 τῆς
846 1786 1043 1870 συγγενείας
1073 1781 1126 1868 τήν

77 1908 103 1949 15
116 1889 276 1974 πατρίδα,
299 1885 481 1975 τυγχάνετε
503 1879 542 1956 εὖ
564 1887 842 1975 βουλευσάμενοι.

206 1993 311 2061 XVII.
328 1988 388 2072 Ὡς
405 1988 448 2079 δή
467 1989 561 2061 ταῦτ’
578 1990 729 2080 ήκουσαν
747 1997 783 2063 ολ
798 1998 943 2081 νεανίαι,
957 1995 1127 2083 μεταστάν-

116 2123 169 2180 τες
197 2098 336 2187 ἐτέρασε
368 2099 425 2166 καὶ
459 2102 694 2188 διαλεχθέντες
725 2097 824 2188 ὀλίγα
854 2099 939 2190 πρὸς
971 2101 1127 2191 ἀλλήλους
1187 2141 1188 2148 1

117 2207 360 2294 προσέρχονται
388 2204 492 2275 πάλιν
524 2205 812 2297 ἀποκρινούμενοι
842 2209 899 2278 καὶ
930 2211 1020 2296 λέγει
1052 2208 1126 2295 ὑπὲρ
1187 2239 1188 2248 ’

117 2309 276 2381 ἁπάντων
306 2308 324 2380 ὁ
352 2313 581 2407 πρεσβύτατος
607 2313 737 2383 τοιάδε·
773 2318 819 2383 Ec
848 2313 910 2402 μέν
944 2317 1128 2405 ἐλευθέροις
1187 2323 1188 2328 ’

77 2439 104 2481 εο
117 2415 198 2506 ήμῑν
230 2410 307 2487 οὖσι
337 2418 395 2487 καὶ
431 2423 563 2510 κυρίοις
598 2423 658 2506 τῆς
692 2423 780 2500 ίδίας
811 2419 948 2508 γνώμης
980 2425 1127 2505 ἐξουσίαν

116 2540 284 2614 παρεῖχες,
322 2517 348 2594 ὦ
390 2525 515 2612 Τύλλε,
551 2524 807 2614 βουλεύσασθαι
842 2528 919 2618 περὶ
955 2533 1018 2599 τοῦ
1052 2527 1128 2616 πρὸς

116 2631 197 2713 τοὺς
233 2629 396 2715 ἀνεψιοὺς
431 2629 580 2721 ἀγῶνος,
621 2631 730 2704 σάθδν
770 2639 818 2703 ἐτι
855 2635 1128 2723 διαμελλήσαντες
1187 2681 1188 2702 ι

116 2735 371 2827 ἀπεκρινάμεθα
410 2737 455 2809 ἀν
499 2759 554 2809 σοι
594 2739 673 2822 τοὺς
716 2741 846 2812 ἑαυτῶν
883 2741 1127 2830 διαλογισμούς·

117 2843 230 2933 ἐπειδὴ
265 2844 303 2914 δὲ
331 2849 500 2935 περίεστιν
532 2844 614 2935 ήμίν
646 2845 664 2916 ὁ
695 2847 819 2936 πατήρ,
853 2839 894 2917 οὗ
921 2849 1024 2937 χοιρλς
1055 2846 1127 2918 οὐδὲ

76 2973 103 3014 2⁵
116 2950 297 3040 τάλάχιστα
320 2953 432 3039 λέγειν
455 2950 477 3040 ή
499 2953 657 3043 πράττειν
685 2953 860 3043 ἀξιοῦμεν,
888 2954 1074 3045 αἰτούμεθά
1094 2973 1126 3022 σε

190 3102 204 3150 1
224 3089 377 3165 ἀναχωκάς
390 3097 416 3150 R
434 3091 541 3167 ἀνοχάς
555 3098 578 3152 Β
652 3102 721 3153 1-2
735 3098 823 3155 verba
840 3092 950 3168 ἀνοχὰς
959 3129 993 3138 -
1004 3095 1056 3168 τήν
1068 3099 1125 3170 βον-

115 3161 171 3254 λὴη
188 3183 243 3222 om.
262 3167 317 3236 Βε,
336 3166 514 3250 Μάρρου
528 3168 619 3224 altera
633 3167 662 3224 in
677 3169 806 3256 marginq
873 3175 890 3224 2
909 3166 1124 3257 ηοεησόμεγοςλ

117 3243 142 3360 ε,
174 3236 292 3360 κιαι
305 3236 1123 3396 μὴναεσξηπεαηλιανεηι

119 3376 222 3428 σαισθε
242 3373 375 3458 Sylburg,
399 3379 543 3442 ηγησεσθε
562 3377 586 3430 Β
609 3373 770 3447 ἡγήσεσθαι
787 3381 814 3436 Α
891 3387 926 3436 15
964 3385 1122 3450 ουλενσαμε-

119 3457 165 3493 νοι
183 3442 206 3523 1}
225 3443 492 3529 βορληυσομενοιΒι,
542 3452 574 3500 16
593 3449 684 3503 ταῦτα
698 3453 723 3503 Α
777 3457 810 3506 21
831 3383 963 3507 τύλλιεά
1016 3457 1051 3507 23
1064 3446 1122 3505 άπε-

119 3513 262 3577 κριναμεθ
293 3518 348 3565 ανλ
420 3517 455 3567 25
474 3513 631 3586 αξιοῦμ<εν
650 3514 875 3591 αί>τοάμεθαΒ
