2404 3918
529 256 697 306 -Γ...

105 418 193 502 μίων
226 412 302 484 οὔτε
334 411 436 503 ἀρετῇ
467 413 523 482 καλ
550 411 777 500 συμπεσόντες
811 410 975 498 ἐμάχοντο
1009 419 1123 478 πᾶσαν

106 518 390 609 ἀποδεικνύμενοι
420 519 564 608 τόλμαν,
592 521 654 600 ἕως
681 511 725 607 ἦν
753 515 868 597 αάτοϊς
895 511 943 597 εἷς
970 516 1077 604 μόνος
1105 514 1123 584 ὁ

105 625 190 714 πρὸς
216 625 294 709 τοὺς
322 625 620 714 ἀντιτεταγμένους
652 624 755 713 ἀγάν.
809 630 920 694 ἔπειτα
953 622 1124 711 μαθόντες

106 733 244 804 ἐπιόντα
269 740 365 823 σφίσι
392 734 474 803 κατὰ
502 734 614 803 νάτου
642 731 786 820 στρατὸν
812 736 983 820 πολεμίων
1008 732 1123 818 ἕτερον

78 840 145 908 σέν
176 841 268 923 τάξει
298 868 333 910 τε
365 842 421 910 καλ
452 840 566 932 κόσμῳ
602 844 778 929 χωροῦντα
811 837 1053 918 καταλιπόντες
1079 834 1167 904 τάσει

107 963 227 1036 σημεῖα
245 952 423 1038 τρέπονται
441 946 525 1035 πρὸς
543 947 668 1036 φυγήν.
708 939 796 1035 ἦσαν
816 946 854 1014 δέ
870 943 1046 1033 Ῥωμαίων
1067 942 1124 1012 ἀν-

108 1059 186 1143 δρες
204 1058 368 1124 ἐπίλεκτοι
381 1061 477 1138 πεζοί
490 1081 526 1123 τε
544 1055 600 1122 καὶ
615 1057 724 1134 ίππεῑς
739 1057 774 1122 ολ
786 1051 928 1122 κατόπιν
944 1052 1124 1138 ἐπιφανέν-

107 1189 161 1243 τες
182 1176 253 1242 τοίς
271 1168 451 1249 Σαβίνοις,
479 1159 539 1243 οὓς
562 1160 580 1230 ὁ
609 1160 796 1248 Ταρκύνιος
818 1163 900 1248 <έν>
924 1163 1122 1246 ἐπιτηδείοις

67 1279 89 1344 2
108 1275 244 1358 χωρίοις
268 1268 326 1339 διὰ
344 1267 465 1349 νυκτὸς
488 1268 627 1357 ἐλόχισε.
667 1268 809 1349 τούτους
832 1265 874 1354 δὴ
892 1265 973 1346 τοὺς
996 1264 1122 1354 ἀνδρας

67 1402 94 1443 10
109 1380 144 1445 οί
159 1383 306 1464 Σαβῖνοι
331 1380 502 1456 δείσαντες
524 1378 560 1445 ἐκ
582 1380 644 1445 τοῦ
662 1373 832 1463 ἀδοκήτου
850 1379 970 1461 σφίσιν
993 1374 1121 1458 ἐπιφαι-

107 1486 276 1572 νομένους
317 1480 423 1552 οὐθὲν
465 1487 513 1551 ἐτι
553 1495 714 1569 γενναῖον
756 1487 857 1570 ἔργον
893 1479 1114 1563 ἀπεδείξαντο,

108 1587 181 1658 ἀλλ’
204 1586 248 1670 ὡς
269 1591 613 1677 κατεστρατηγημένοι
636 1586 701 1657 ὑπὸ
720 1592 789 1657 τάν
813 1590 947 1676 ἐχθρῶν
965 1587 1026 1654 καὶ
1048 1606 1115 1672 συμ

108 1701 200 1789 φορᾷ
226 1697 429 1784 πεπληγότες
460 1695 576 1788 ἀμάχῳ
606 1695 724 1778 σώζειν
751 1693 892 1775 ἑαυτοὺς
923 1693 1024 1762 ἄλλοι
1052 1690 1118 1760 κατ’

109 1803 212 1884 άλλας
244 1801 348 1884 ὁδοὺς
378 1806 577 1890 ἐπειρῶντο,
608 1799 672 1872 κάν
704 1801 812 1894 τούτῳ
845 1801 989 1889 μάλιστα
1020 1797 1122 1878 πολὺς

69 1933 96 1975 15
110 1909 222 1980 αὐτῶν
245 1909 354 1998 φόνος
376 1912 508 1997 ἐγένετο
532 1911 749 1998 διωκομένων
772 1906 838 1978 ὑπὸ
863 1913 923 1994 τῆς
940 1906 1122 1995 Ῥωμαικῆς

109 2019 214 2085 ἵππου
236 2017 293 2085 καὶ
318 2017 534 2105 πανταχόθεν
562 2015 847 2103 ἀποκλειομένων·
880 2013 965 2084 ὥστε
989 2013 1122 2100 ὀλίγους

109 2122 204 2204 τινάς
231 2126 265 2206 έξ
298 2121 410 2193 αὐτόν
437 2126 560 2212 κομιδῇ
592 2125 754 2210 γενέσθαι
785 2120 864 2202 τοὺς
892 2122 1123 2200 διασωθέντας

110 2236 159 2312 είς
180 2228 239 2311 τάς
262 2235 395 2318 ἔγγιστα
418 2228 546 2316 πόλεις,
575 2228 613 2299 τδ
643 2229 681 2297 δέ
703 2238 820 2298 πλεῖον
848 2231 948 2317 μέρος
972 2227 1057 2297 ὅσον
1080 2225 1122 2315 μὴ

110 2335 192 2408 κατὰ
223 2337 287 2427 τὴν
324 2335 434 2424 μάχην
467 2341 583 2405 ἔπεσεν
619 2333 814 2424 ὑποχείριον
851 2351 922 2416 τοῖς
947 2333 1123 2423 Ῥωμαίοις

70 2467 97 2508 2⁰
110 2447 285 2532 γενέσθαι·
314 2442 395 2514 οόδέ
422 2440 486 2532 γάρ
511 2445 546 2512 οί
566 2445 847 2530 καταλειφθέντες
875 2445 911 2511 ἐν
933 2446 981 2533 τῷ
1004 2441 1123 2530 χάρακι

110 2551 172 2641 τὴν
209 2555 336 2641 ἔφοδον
378 2548 658 2638 ἀποκρούσασθαι
692 2553 761 2618 τάν
803 2549 969 2618 ἐπιόντων
1007 2554 1125 2636 σφίσιν

112 2658 308 2748 ἐθάρρησαν
338 2654 411 2726 οὐδ’
442 2661 490 2737 είς
521 2671 641 2745 πεῖραν
673 2649 785 2744 ἦλθον
818 2655 939 2744 μάχης,
970 2653 1047 2723 ἀλλ’
1079 2657 1123 2724 ἐκ

110 2767 334 2854 ταραχθέντες
361 2761 426 2834 ὑπὸ
453 2767 516 2832 τοῦ
542 2761 621 2849 παρ’
652 2765 770 2832 ἐλπίδα
798 2768 904 2832 κακοῦ
930 2764 1124 2851 παρέδοσαν

71 2869 254 2960 δάμαχητλ
282 2874 370 2957 σφᾶς
397 2897 432 2939 τε
462 2867 586 2950 αὐτοὺς
612 2870 668 2938 καὶ
695 2867 733 2938 τὸ
762 2874 878 2964 έρυμα.
928 2871 965 2936 αί
992 2869 1057 2956 μὲν
1082 2868 1164 2955 δηυιι

70 2999 97 3043 ει
111 2981 179 3046 τῶν
203 2982 365 3064 Σαβίνων
392 2975 507 3056 πόλεις
535 2973 580 3056 ὡς
605 2977 950 3065 κατεστρατηγημέναι
977 2975 1034 3042 καί
1067 2974 1125 3043 οὐκ

111 3081 212 3173 ἀρετῇ
243 3081 304 3170 τὴν
321 3087 437 3168 νίκην
469 3080 684 3171 ἀφῃρημέναι
719 3081 803 3172 πρὸς
837 3085 907 3151 τῶν
942 3088 1125 3169 πολεμίων,

184 3238 309 3297 2δοω.
328 3243 354 3294 A
413 3237 548 3305 3αάτοΐς
566 3238 685 3311 ἀγάνΒ
749 3238 890 3313 θπρδςΒ
909 3239 949 3304 είς
967 3242 993 3295 Β
1058 3237 1124 3298 8ἐν

114 3314 178 3366 αδδ.
197 3312 348 3380 Κὶεεελὶυς,
368 3311 441 3366 smit
459 3313 524 3368 obs.
539 3333 566 3382 p.
583 3321 616 3370 10
689 3319 704 3367 9
725 3309 833 3382 ἐλόχισε
848 3313 893 3366 Ba
912 3309 1028 3382 ἐλόχησε
1047 3313 1124 3366 ABb

115 3379 256 3450 ἐνελόχισε
275 3399 298 3436 ο.
312 3382 415 3436 Reiske
431 3383 436 3450 1
454 3377 560 3450 ἐλόχισε
579 3379 628 3438 διά
648 3379 750 3447 νυκτός
769 3382 953 3454 ΟριαελετΒ
1005 3389 1040 3437 11
1062 3381 1125 3438 ἒπε-

116 3452 245 3515 δείξαντο
264 3452 310 3505 Bb
366 3457 399 3506 17
418 3455 520 3523 κομιδῇ
540 3453 677 3522 γενέσθαι
695 3455 718 3508 Β
737 3453 874 3524 γενέσθαι
891 3455 961 3510 u.R
1020 3460 1057 3509 20
1077 3475 1124 3509 κα-

116 3520 315 3587 ταληφθέντας
332 3524 358 3574 A
431 3527 465 3576 26
483 3519 569 3596 ἀρετῇ
589 3545 644 3580 τινι
662 3527 744 3595 νίκην
763 3527 786 3580 Β
