2408 3928
450 219 616 272 ..Β-

36 387 114 459 θους
139 383 207 448 τῶν
234 380 606 468 προσκαταγραφέντων
638 381 833 465 βουλευτῶν
862 378 1042 464 διαφέρον-

37 512 91 553 ται.
134 483 175 554 ού
200 484 265 576 γάρ
296 484 415 556 ἑκατὸν
442 484 528 554 άλλδι
557 487 765 573 πεντήκοντα
791 481 871 564 τούς
898 485 1042 552 ἐπεισελ-

39 592 152 674 θόντας
175 598 223 674 είς
244 590 307 681 τὴν
335 593 465 681 βουλὴν
492 591 724 679 ἀποφαίνουσι
750 593 920 678 γενέσθαι.
965 590 1082 677 περὶδ

41 698 72 766 δε
89 703 154 768 τῶν
171 704 290 789 τιμῶν,
310 697 350 780 ἃς
367 713 440 780 ταῖς
458 700 614 786 γυναιξίν
635 704 670 768 οί
689 705 840 787 βασιλεῖς
858 695 1041 783 ἀπέδοσαν,

17 804 89 873 ισὸτι
108 805 301 894 συνήγαγον
330 804 452 888 αύτούς
475 812 523 896 είς
550 811 684 894 φιλίαν,
713 803 775 892 ούχ
803 803 946 884 άπαντες
963 801 1041 872 Ῥω·
1069 830 1083 872 ε

44 917 136 998 μαίων
154 927 360 1002 συγγραφεῖς
379 915 618 1003 συμφέρονται.
650 912 741 992 τινές
763 912 825 1000 μὲν
845 909 909 998 γάρ
928 907 1042 978 αὐτῶν

43 1019 196 1107 γράφουσι
218 1019 259 1089 τά
281 1047 317 1090 τε
344 1019 430 1091 άλλα
452 1019 561 1090 πολλά
587 1022 644 1089 καὶ
671 1018 798 1109 μεγάλα
822 1015 1044 1106 δωρήσασθαι

43 1140 101 1206 ταῖς
121 1129 254 1213 γυναιξὶ
280 1125 360 1210 τούς
387 1125 555 1216 ἡγεμόνας
576 1129 632 1196 καὶ
661 1126 703 1215 δὴ
730 1127 788 1194 καὶ
809 1122 868 1205 τάς
892 1122 1044 1211 φράτρας

45 1232 205 1318 τριάκοντα
233 1232 351 1321 οὔσας,
380 1232 491 1322 ῶσπερ
524 1239 626 1322 ἔφην,
660 1231 859 1320 ἐπωνύμους
888 1234 957 1300 τῶν
984 1256 1043 1316 γυ-

45 1343 154 1408 ναικῶν
185 1344 338 1428 ποιῆσαι·
374 1340 540 1421 τοσαύτας
570 1338 635 1429 γάρ
672 1337 760 1408 εἶναι
791 1352 954 1424 γυναῖκας
983 1333 1044 1416 τὰς
1058 1362 1084 1402 ιο

42 1447 381 1535 ἐπιπρεσβευσαμένας.
443 1446 610 1534 Οὐάρρων
653 1446 691 1516 δὲ
735 1446 910 1534 Τερέντιος
949 1440 1085 1512 τοῦτ’4

42 1550 141 1635 αύτοίς
158 1552 205 1623 ,τὸ
234 1557 335 1643 με’ρος
363 1552 425 1643 ούχ
454 1552 615 1643 ὁμολογεῖ
634 1558 835 1641 παλαίτερον
865 1556 913 1620 ἔτι
935 1554 1044 1636 λέγων

43 1662 96 1744 [ἐν]
117 1674 189 1741 ταῖς
209 1666 363 1750 κουρίαις
385 1665 529 1749 τεθῆναι
556 1658 597 1731 τδι
622 1658 772 1748 ὀνόματα
799 1657 864 1729 ὑπὸ
887 1662 948 1728 τοῦ
966 1655 1045 1725 Ῥω-

42 1765 138 1851 μύλου
164 1764 248 1837 κατὰ
275 1766 338 1855 τὴν
366 1767 503 1857 πράτην
535 1771 597 1836 τού
627 1767 783 1854 πλήθους
811 1768 977 1852 διαίρεσιν
1004 1761 1045 1832 τδι

41 1872 93 1958 μὲν
114 1871 169 1942 ἀπ’
195 1872 334 1962 ἀνδρῶν
357 1875 533 1962 ληφθέντα
554 1869 750 1960 ἡγεμόνων,
773 1869 814 1940 τά
837 1868 870 1938 δ’
895 1868 960 1939 άπὸ
984 1867 1045 1939 πά-
1060 1893 1085 1934 ιι

42 2003 113 2064 γων·
133 1979 193 2060 τάς
221 1978 250 2048 τ’
276 1980 329 2049 ἐπὶ
356 1978 419 2068 τὴν
447 1985 627 2068 πρεσβείαν
656 1977 861 2060 ἐξελθούσας
882 1990 1045 2062 γυναῖκας

43 2085 76 2153 ού
94 2086 273 2170 τριάκοντα
297 2083 392 2155 ,είυαί
417 2105 537 2173 φησιν,
565 2082 651 2152 άλλά
678 2088 898 2162 πεντακοσίας
925 2109 960 2151 τε
988 2082 1045 2150 καί

41 2192 207 2278 τριάκοντα
233 2195 338 2280 τριῶν
366 2191 509 2273 δεούσας
542 2196 651 2260 οίεταί
673 2216 709 2259 τε
739 2187 815 2258 οὐδ’
841 2187 929 2268 είκδς
957 2186 1045 2257 εἶναι

42 2300 200 2369 τοσούτων
223 2303 396 2386 γυναικῶν
418 2295 519 2386 τιμὴν
543 2295 775 2384 ἀφελομένους
796 2293 876 2376 τοὺς
896 2302 1046 2382 βασιλεῖς

43 2402 156 2491 ὀλίγαις
179 2408 213 2488 έξ
236 2404 349 2476 αύτῶν
369 2409 491 2474 δοῦναι
510 2403 638 2492 μόναις.
683 2401 757 2472 ἄλλ’
777 2399 861 2490 ὑπὲρ
881 2402 943 2490 μὲν
963 2401 1039 2471 τού·
1054 2423 1081 2463 20

16 2535 102 2588 αςτων
125 2512 203 2583 ούτε
226 2514 356 2602 μηδένα
378 2499 588 2600 ποιήσασθαι
611 2511 716 2597 λόγον
740 2507 817 2578 ούτε
839 2514 942 2578 πλείω
966 2506 1046 2596 γρά-

43 2645 107 2703 φειν
129 2624 199 2691 τῶν
223 2623 353 2688 ίκανῶν
375 2618 532 2706 ἐφαίνετό
556 2645 623 2706 μοι.

117 2729 333 2796 XXXXVHI.
356 2727 444 2815 Περὶ
467 2725 505 2794 δὲ
526 2729 586 2812 τῆς
603 2727 763 2811 Κυριτῶν
785 2721 925 2808 πόλεως,
949 2723 983 2804 ἐξ
1007 2711 1048 2808 ἧς

44 2835 71 2898 οί
88 2835 160 2923 περὶ
182 2832 244 2904 τὸν
268 2834 391 2904 Τάτιον
413 2826 502 2922 ἦσαν
521 2831 669 2923 (άπαιτεί
683 2829 749 2919 γὰρ
771 2827 792 2917 ἡ
815 2828 970 2917 διήγησις
991 2830 1048 2897 καὶ
1091 2875 1095 2881 -

44 2941 106 3028 περὶ
135 2939 282 3027 τούτων,
315 2941 437 3020 οἵτινές
468 2965 504 3008 τε
535 2937 591 3007 καί
624 2936 753 3006 ὁπόθεν
784 2929 891 3022 ἦσαν,
924 2936 1045 3026 είπεϊν)
1060 2954 1086 2995 25

45 3051 174 3116 τοσαῦτα
206 3045 450 3136 παρελάβομεν.
495 3047 533 3113 έν
563 3047 604 3133 τῇ
631 3040 810 3111 Ῥεατίνων
840 3041 933 3133 χάρη
964 3040 1044 3110 καθ’

106 3213 136 3262 12
155 3204 254 3278 μέρος]
274 3205 361 3276 γέρας
379 3223 402 3261 ο.
421 3204 565 3274 Kiessling
584 3206 588 3273 1
610 3196 783 3270 παλαιτερόν
801 3220 830 3256 τε
852 3201 874 3256 0
894 3218 963 3255 corr.
984 3201 1047 3270 syl-

47 3273 106 3347 burg
175 3284 209 3332 13
230 3275 261 3334 ἐν
281 3277 303 3333 Ο
323 3278 378 3333 deL
393 3276 516 3346 Sylburg
535 3271 582 3331 έπλ
602 3273 724 3330 Sintenis
743 3274 803 3328 Em.
819 3272 900 3328 Dion.
915 3274 928 3326 I
946 3289 974 3342 p.
989 3272 1049 3396 271

49 3351 142 3416 πυρίαις
158 3350 185 3403 Α
260 3355 293 3404 15
312 3343 369 3404 άπδ
389 3345 490 3418 πάγων
510 3345 650 3414 Kiessling
678 3339 736 3399 άπὸ
756 3340 871 3398 πάντων
890 3343 969 3397 BbR
1001 3338 1038 3397 ἐπ

48 3413 146 3474 πάντων
169 3421 214 3475 Ba
241 3415 299 3475 άπὸ
322 3416 418 3475 τύπων
443 3417 566 3474 δίοδουίε
589 3419 608 3472 l.
628 3416 646 3471 l.
731 3422 762 3470 17
787 3414 918 3483 φασινΒ
943 3417 947 3484 Ι
973 3433 1003 3469 τε
1025 3414 1049 3467 Β

50 3493 133 3547 0111.R
205 3497 238 3547 18
257 3490 372 3561 τρισλΟ
