2396 3918
141 205 204 270 138
562 208 731 262 -A-

99 364 262 453 3τρόπος
288 362 309 453 ἢ
337 365 452 454 καιρὸς
480 371 528 446 είς
554 364 616 454 τὴν
647 368 801 436 ἐπίδοσιν
826 366 1017 454 ἐπιτήδειος.
1059 356 1130 456 ἐνῶ

138 473 177 540 δὲ
214 463 314 542 οὗτοι·
345 473 420 561 περὶ
456 471 549 542 ταῦτ’
582 465 670 560 ἦσαν
709 471 727 542 ὁ
768 473 958 554 Φαιστύλος
993 471 1133 558 ἀπάγεται

137 576 221 666 πρὸς
240 577 406 666 Ἀμόλιον.
452 576 613 659 δεδοικῶς
642 579 707 668 γάρ
735 579 780 668 μὴ
809 578 852 648 ού
874 577 975 648 πιστά
1004 577 1079 665 δόξη
1098 581 1133 669 τῶ
1189 602 1190 607 ’

137 687 305 774 Νεμέτορι
335 688 446 772 λέγειν
475 684 672 774 όΡωμόλος
703 685 788 756 άνευ
816 692 965 774 σημείων
994 688 1134 773 ἐμφανῶν
1188 719 1189 722 “

97 826 110 866 ⁵
138 791 286 879 μεγάλου
330 792 524 880 πράγματος
566 791 717 880 μηνυτὴς
751 793 951 880 γενόμενος,
988 791 1026 863 τὸ
1060 789 1167 877 γνῶ-111

138 917 241 986 ρισμα
263 903 323 986 τῆς
345 901 510 979 ἐκθέσεως
531 904 601 969 τῶν
624 904 762 988 βρεφῶν
785 899 849 987 τὴν
874 899 1010 987 σκάφην
1033 897 1137 968 άναλα-

97 1003 209 1091 4βῶν
239 1004 357 1092 ὀλίγον
383 1005 528 1096 ὕστερον
556 1010 696 1076 ἐδίωκεν
729 1013 777 1088 είς
809 1005 872 1095 τὴν
904 1007 1018 1078 πόλιν.
1066 1009 1138 1090 διερ

138 1110 284 1198 χύμενον
318 1111 349 1179 δ’
380 1111 483 1183 αὐτὸν
516 1111 576 1194 τάς
606 1114 715 1195 πύλας
740 1119 945 1206 ταραχωδῶς
977 1113 1069 1182 πάνυ
1095 1112 1138 1180 καὶ

137 1219 213 1304 περὶ
240 1223 368 1286 πολλοῦ
399 1218 607 1307 ποιούμενον
639 1222 760 1308 μηδενί
792 1225 932 1308 ποιῆσαι
966 1217 1140 1307 καταφανλς

98 1357 124 1396 ιο
138 1320 174 1392 τὸ
203 1325 393 1412 φερόμενον
419 1331 488 1395 τῶν
522 1325 685 1414 φυλάκων
716 1353 767 1407 τις
793 1327 1004 1415 καταμαθών
1034 1318 1088 1417 (ἦν
1112 1323 1140 1390 δὲ

137 1437 306 1518 πολεμίων
330 1431 461 1520 ἐφόδου
484 1435 571 1519 δέος,
594 1435 651 1502 καὶ
673 1432 732 1514 τδις
754 1432 861 1513 πύλας
885 1437 921 1502 οί
937 1432 1082 1520 μάλιστα
1101 1455 1141 1500 πι

138 1535 334 1624 στευόμενοι
366 1536 450 1626 πρὸς
480 1544 542 1608 τοῦ
574 1541 739 1626 βασιλέως
768 1537 979 1630 ἐφρούρουν)
1012 1547 1141 1623 σνλλαμ
1190 1600 1191 1618 2

136 1641 233 1728 βαίνει
256 1669 291 1712 τε
313 1644 370 1712 καὶ
392 1641 431 1714 τὸ
453 1643 602 1732 κρυπτὸν
627 1643 647 1714 ὅ
669 1671 701 1714 τι
731 1642 847 1732 δήποτ’
873 1637 918 1732 ἦν
945 1654 1141 1734 καταμαθεῖν
1190 1707 1191 1716 ,

137 1747 256 1835 άξιῶν,
284 1748 509 1820 ἀποκαλύπτει
536 1757 593 1842 βίᾳ
621 1749 685 1839 τὴν
712 1751 907 1840 περιβολήν.
954 1750 1001 1833 ῶς
1031 1752 1069 1820 δὲ
1093 1749 1142 1836 την

99 1889 124 1928 15
139 1855 272 1943 σκάφην
296 1856 459 1925 ἐθεάσατο
482 1861 538 1926 καὶ
560 1856 620 1926 τὸν
644 1857 841 1946 ἄνθρωπον
856 1863 985 1946 ἔμαθεν
1010 1855 1144 1947 άπορού-
1190 1925 1191 1938 ,

139 1988 258 2048 μενον,
282 1960 379 2049 ἠξίου
401 1965 512 2050 λέγειν
535 1969 586 2044 τίς
608 1962 629 2050 ἡ
652 1963 779 2052 ταραχὴ
805 1965 861 2032 καὶ
883 1971 920 2032 τί
939 1963 978 2034 τὸ
1001 1964 1144 2052 βούλημα

138 2073 198 2137 τοῦ
229 2067 274 2157 μὴ
307 2073 462 2158 φανερῶς
497 2071 651 2158 ἐκφέρειν
689 2075 808 2151 σκεῶος
846 2069 950 2139 οὐδὲν
989 2071 1148 2158 δεόμενον·
1190 2141 1191 2162 ἒ

98 2172 331 2262 ῶάπορρητου
355 2179 471 2264 φοράς.
508 2178 545 2245 ἐν
566 2177 604 2244 δὲ
621 2176 729 2268 τούτῳ
748 2183 884 2258 τελείους
901 2181 971 2246 τῶν
990 2177 1145 2265 φυλάκων
1190 2219 1191 2274 3

139 2285 322 2372 συνέρρεον
345 2288 405 2350 καί
424 2309 474 2362 τις
496 2280 609 2351 αὐτῶν
631 2289 786 2372 γνωρίζει
808 2281 870 2370 τὴν
894 2282 1032 2371 σκάφην
1057 2281 1147 2361 αὐτὸς
1190 2353 1191 2360 ,

97 2413 123 2452 ιο
139 2391 175 2457 ἐν
194 2393 304 2479 ἐκείνη
323 2386 367 2457 τά
381 2392 498 2457 παιδία
517 2395 657 2477 κομίσας
676 2388 807 2459 ἐπὶτῶν
826 2389 980 2478 ποταμὸν
993 2393 1054 2460 καί
1072 2389 1148 2478 φρά-
1190 2377 1191 2384 ¹

139 2503 183 2578 ζει
206 2494 290 2585 πρὸς
312 2495 392 2576 τοὺς
414 2495 591 2584 παρόντας.
629 2500 664 2564 οί
685 2497 724 2566 δὲ
742 2495 968 2584 συλλαβόντες
990 2497 1053 2567 τδν
1076 2505 1149 2566 Φαι

139 2602 262 2671 στύλον
285 2601 428 2688 άγουσιν
457 2598 507 2670 ἐπ’
533 2601 637 2672 αὐτὸν
665 2602 727 2671 τὸν
752 2605 892 2689 βασιλέα
914 2605 970 2672 καὶ
994 2607 1149 2692 διηγοῶν·

99 2715 119 2778 6
138 2734 192 2776 ται
214 2707 255 2776 τά
277 2707 452 2796 γενόμενα.
486 2706 639 2795 Ἀμόλιος
662 2707 700 2777 δδ
722 2708 842 2799 άπειλῇ
865 2709 1028 2797 βασάνων
1052 2723 1186 2778 κατα-115

138 2813 345 2902 πληξάμενος
366 2812 427 2882 τὸν
450 2813 647 2902 ἄνθρωπον,
676 2819 708 2882 εί
729 2812 774 2902 μὴ
797 2818 887 2898 λέξοι
910 2815 970 2896 τάς
992 2814 1151 2904 ἀληθείας

209 3063 235 3100 v
247 3051 307 3099 1-
274 3063 345 3114 -.p
358 3051 418 3114 141,
429 3051 463 3098 10
478 3045 611 3100 exstant
602 3063 631 3100 m
641 3045 754 3102 Nicolai
762 3047 930 3102 Damasceni
944 3048 1050 3120 eclogia
1066 3050 1151 3103 'Puro

138 3117 270 3172 nensibus
289 3115 331 3187 (T)
350 3089 426 3187 εμοδ
444 3116 590 3171 valesium
609 3118 730 3188 (Fmgm.
746 3115 819 3173 Hist.
834 3118 931 3173 Graec.
951 3119 995 3177 ed
1015 3119 1046 3176 0.
1064 3119 1150 3174 Muel-

138 3191 212 3244 lerus
234 3191 305 3245 bom.
327 3189 366 3243 III
389 3206 417 3274 p.
437 3193 488 3244 409
513 3191 581 3258 seq)
658 3195 675 3242 4
699 3184 826 3276 βωμύλος
850 3188 972 3260 Sylburg
1000 3187 1152 3278 φαιστύλος

137 3261 218 3316 ΑΒΤ
291 3266 326 3316 10
345 3255 506 3330 φερόμενον
525 3259 656 3314 Gelenius
683 3263 839 3346 λεγομενον
857 3259 910 3315 OT
938 3258 1150 3352 στεγόμενονο.

137 3333 241 3387 Reiske
309 3337 343 3386 11
362 3328 621 3398 πεπιστευμένοιΤ
691 3336 723 3384 13
742 3331 785 3402 τε]
806 3327 842 3400 δὴ
862 3330 885 3384 Τ
954 3338 987 3388 17
1008 3331 1151 3422 εἰσφέρειν

138 3401 189 3455 ΒΤ
210 3405 215 3468 1
235 3399 323 3457 ούδδν
346 3419 401 3456 om.
420 3401 443 3455 Τ
521 3405 555 3452 20
574 3402 752 3468 γνωρίσαςΤ
833 3399 922 3458 14τά
944 3405 994 3473 τῆς
1012 3399 1153 3473 ἀληθείας

140 3487 162 3524 ο.
182 3471 310 3525 Valesius
327 3473 393 3540 Ιξ
347 3470 393 3536 λάξ
395 3491 422 3525 οι
440 3470 493 3524 ΑΒ
