2396 3918
456 231 620 282 ..Α-

52 386 141 474 ζόφον
163 389 199 456 έν
224 385 358 480 οὐρανῷ
382 386 603 476 κατασχόντα·
628 386 709 472 ὄφιν
730 388 778 474 δέ,
801 383 845 477 ἣν
863 389 918 458 καὶ
941 386 979 459 τὸ
1003 397 1049 458 εί-

51 497 147 564 δωλον
164 491 243 583 εἶχε,
257 497 541 583 θαυμασιωτέραν
560 499 675 587 μακρῷ
696 494 738 583 δή
757 523 788 564 τι
804 493 887 564 κατὰ
906 498 1050 584 μέγεθος

14 601 99 668 ιυεκαδ
114 601 233 682 κάλλος
255 599 464 690 ἀνθράκων·
491 607 578 689 φασί
597 627 632 671 τε
652 607 758 672 εἰπεῖν
780 607 821 692 τῇ
839 602 923 691 κόρη
944 626 1050 690 παρη-

50 711 204 795 γορούντα
226 706 289 796 τὴν
307 707 419 796 λύπην
442 705 503 777 τόν
523 708 744 796 βιασάμενον,
767 711 800 792 ἐξ
825 700 866 780 ού
888 711 1050 797 γενέσθαι

52 817 140 899 δῆλον
159 813 212 884 ὅτι
231 813 314 895 θεὸς
331 806 387 902 ἦν,
406 813 513 902 μηδὲν
532 812 702 902 ἄχθεσθαι
720 818 766 907 τρῐ
784 814 897 884 πάθει.
934 813 971 884 τὸ
985 813 1050 902 γάρ
1078 833 1091 874 5

51 919 228 1008 κοινώνημα
250 925 320 990 τῶν
343 919 463 1009 γάμων
490 918 574 1009 αὐτῇ
602 923 778 1008 γεγονέναι
806 919 890 1007 πρός
912 919 972 990 τὸν
996 923 1051 1010 ἐμ

54 1026 220 1110 βατεύοντα
243 1032 289 1120 τῷ
314 1033 425 1121 χωρίςο
455 1032 617 1115 δαίμονα,
644 1030 800 1110 τέξεσθαι
828 1026 859 1096 δ’
885 1025 991 1116 αὐτὴν
1015 1030 1051 1098 ἐκ

56 1138 101 1200 τοῦ
126 1139 277 1223 βιασμοῦ
311 1135 373 1204 δύο
406 1138 529 1215 παῖδας
564 1132 760 1224 ἀνθρώπων
792 1138 908 1227 μακρῷ
940 1140 1052 1222 κρατί-

56 1257 131 1320 στους
153 1239 280 1330 ἀρετὴν
303 1243 359 1310 καὶ
386 1239 427 1311 τά
450 1244 601 1330 πολέμια.
646 1245 749 1310 ταῦτα
778 1239 815 1308 δὲ
839 1239 976 1310 είπόντα
999 1243 1052 1310 νέ-
1127 1319 1137 1337 s

51 1372 94 1432 ρει
117 1353 417 1439 περικαλυφθῆναι
443 1348 499 1416 καί
527 1345 592 1416 ἀπὸ
621 1351 682 1434 γῆς
709 1346 858 1434 ἀρθέντα
886 1349 1052 1436 φέρεσθαι
1067 1367 1093 1406 1⁰
1119 1339 1124 1354 ’

50 1451 86 1520 δι’
107 1452 206 1541 ἀέρος
228 1453 311 1523 ἀνω.
357 1451 447 1535 ὅπως
470 1453 532 1542 μὲν
552 1445 616 1522 οὖν
638 1451 701 1542 χρὴ
720 1453 796 1542 περὶ
818 1457 887 1522 τάν
910 1456 1089 1522 τοιάνδεδ

49 1560 133 1647 δόξης
164 1568 273 1650 ἔχειν,
303 1561 448 1650 πότερον
480 1575 707 1652 καταφρονεῖν
745 1557 790 1641 ὡς
822 1558 1054 1648 ἀνθρωπίνων

46 1668 340 1758 ῥᾳδιουργημάτων
368 1675 416 1750 είς
447 1668 551 1749 θεοὺς
578 1666 845 1756 ἀναφερομένων
873 1667 980 1755 μηδὲν
1010 1663 1053 1735 ἀν

45 1779 96 1841 τού
125 1781 213 1846 θεοῦ
246 1775 472 1866 λειτούργημα
503 1779 561 1862 τη”ς
594 1771 776 1862 ἀφθάρτου
803 1775 859 1844 καί
891 1779 1054 1862 μακαρίας

45 1881 166 1966 φύσεως
205 1880 348 1964 ἀνάξιον
380 1879 624 1970 ὑπομένοντος,
657 1876 677 1968 ἢ
710 1881 766 1948 καὶ
797 1879 919 1962 ταύτας
950 1904 1055 1970 παρα·
1070 1899 1095 1941 15

46 1989 196 2074 δέχεσθαι
218 1985 278 2068 τάς
301 1990 461 2076 ίστορίας,
484 1985 529 2068 ὡς
552 1985 823 2075 ἀνακεκραμένης
845 1992 904 2075 τῆς
926 1985 1056 2074 ἀπάσης

46 2091 152 2176 οὐσίας
175 2100 240 2164 τού
263 2093 394 2184 κόσμου
417 2094 473 2162 καὶ
496 2091 618 2182 μεταξύ
640 2098 701 2162 τού
722 2100 824 2163 θείου
845 2095 902 2162 καὶ
915 2098 1056 2180 ’θνητοῦ

44 2204 155 2285 γένους
178 2209 295 2290 τρίτης
316 2199 410 2281 τινὸς
432 2198 649 2289 ὑπαρχούσης
671 2199 820 2288 φύσεως,
850 2195 894 2288 ἢν
920 2198 959 2269 τὸ
983 2204 1056 2268 δαι-

44 2307 151 2392 μόνων
182 2312 297 2396 φύλου
325 2310 447 2394 ἐπέχει,
479 2306 554 2375 τοτὲ
582 2306 644 2394 μδν
673 2303 886 2393 ἀνθρώποις,
917 2305 991 2374 τοτὲ
1019 2304 1057 2372 δὲ

44 2422 128 2496 θεοῖς
150 2413 430 2502 ἐπιμιγνύμενον,
450 2415 483 2496 ἐξ
502 2403 544 2481 ού
568 2410 585 2481 ὁ
606 2413 706 2499 λόγος
725 2419 791 2501 ἔχει
809 2411 847 2482 τὸ
866 2411 1056 2500 μυθευόμε-
1070 2432 1097 2472 20

11 2529 100 2588 ιιῖνον
123 2520 250 2612 ἡρώων
269 2525 376 2610 φύναι
399 2523 514 2607 γένος,
544 2518 621 2588 ούτε
643 2519 760 2609 καιρὸς
784 2522 820 2588 έν
844 2522 889 2611 τῷ
912 2517 1056 2609 παρόντι

47 2629 236 2697 διασκοπεῖν
274 2625 371 2718 ἀρκεῖ
405 2653 440 2695 τε
482 2625 546 2695 ὅσα
587 2626 791 2714 φιλοσόφοις
831 2625 907 2712 περὶ
944 2623 1056 2694 αὐτῶν

46 2735 166 2823 ἐλέχθη.
212 2733 293 2824 ἡδ’
320 2726 383 2804 οὖν
405 2735 491 2823 κόρη
515 2733 596 2824 μετά
615 2731 676 2802 τὸν
700 2730 846 2820 βιασμὸν
870 2730 1094 2822 ἀρρωστεῖν4
1186 2805 1187 2808 ς

46 2843 233 2930 σκηψαμένη
277 2843 391 2932 (τοῦτο
432 2840 497 2931 γάρ
534 2840 619 2930 αὐτῇ
661 2839 850 2929 παρῄνεσεν
888 2837 908 2926 ἡ
947 2838 1055 2927 μήτηρ

108 3073 195 3128 1καδ
214 3069 284 3143 ὄφιν
308 3071 340 3128 δὲ
364 3071 411 3127 vel
429 3067 465 3141 δὴ
490 3089 512 3128 ο.
532 3070 643 3126 Urlichs
666 3070 753 3126 ΕοεΙ
775 3088 803 3139 p.
823 3076 876 3125 324
901 3073 905 3140 Ι
931 3071 980 3125 καί
1004 3069 1057 3125 del.

46 3141 181 3215 Kiessling
253 3138 368 3216 2δ<ή>
387 3164 414 3198 τι
433 3145 456 3197 Β
474 3136 492 3212 ἢ
513 3159 536 3198 ο.
556 3141 698 3212 Kiessling
771 3133 842 3210 δῆν
861 3141 911 3196 καὶ
930 3139 1058 3212 μηδδνΑ

76 3221 106 3268 11
131 3210 211 3279 ὅπως
234 3213 287 3286 μὲν
310 3215 355 3271 bis
379 3213 528 3284 scriptaB
612 3221 643 3268 13
664 3211 755 3284 μηδὲν
778 3205 815 3267 ἀν
837 3213 888 3267 τού
912 3214 938 3266 Α
969 3209 1059 3298 μηδὲν

48 3281 127 3341 αὐτοῦ
146 3287 195 3342 Βει
219 3285 310 3357 μηδὲν
328 3280 365 3340 διν
385 3283 475 3340 αὐτοῦ
495 3285 543 3340 Bb
618 3289 721 3338 13-15
741 3284 828 3339 verba
847 3281 1058 3354 μηδὲν-υπο-

46 3354 174 3423 μὲνοντος
203 3359 234 3412 in
262 3357 451 3427 suspicionem
478 3357 561 3412 vocat
591 3354 735 3410 Meubzner
760 3355 779 3409 l.
798 3355 817 3410 1.
905 3357 937 3408 18
966 3353 1059 3423 τρίτης

46 3426 114 3491 τινὸς
132 3445 191 3487 om.
209 3430 236 3484 A
251 3423 290 3500 Ῑῆ
310 3447 333 3484 ο.
352 3427 455 3484 Portus
514 3433 547 3482 21
567 3421 661 3496 ἡρῶον
679 3426 756 3480 ΑΒε
814 3431 848 3480 22
867 3419 921 3478 ὅσα
941 3424 1059 3494 Stepha-

48 3514 92 3551 nus
110 3495 149 3562 ὡς
170 3499 194 3555 0
