2412 3912
103 224 193 308 Ιτι
574 223 740 278 -ι-

28 459 32 474 .
150 367 329 472 Τρωικοῖς,
366 385 442 470 κερλ
477 388 537 471 τῆς
568 388 710 453 Αἰνείου
746 388 858 471 φνγης
895 383 1021 464 τοιόςδι
1053 384 1131 450 ἐστίν.

145 500 295 579 εἴρηνται
318 489 356 560 δὲ
379 492 435 559 καλ
456 489 572 582 άλλοις
594 491 661 560 τισὶ
684 491 761 579 περὶ
788 494 857 559 τῶν
881 489 993 559 αὐτῶν
1015 488 1052 558 ού
1069 487 1133 556 κατὰ

144 595 247 666 ταύτά
272 603 404 686 ἔχοντες
426 597 537 684 λόγοι,
568 594 627 678 οὓς
654 589 755 684 ἦττον
780 603 884 685 ἔγωγε
911 597 1030 666 τούτου
1054 605 1133 664 πιθα-

144 703 227 785 νούς
250 703 336 774 εἶναι
359 710 492 792 νομίζω.
519 706 662 791 κρινέτω
681 703 719 772 δὲ
743 701 788 784 ὡς
812 707 948 784 ἕκαστος
970 708 1035 773 τάν
1056 701 1135 772 ἀκου-
1187 746 1188 749 =

105 787 256 917 {dmm
283 810 448 898 βούλεται.
494 815 675 898 Σοφοκλῆς
702 810 764 898 μὲν
793 808 810 880 ὁ
838 808 1084 901 τραγῳδοποιὸς
1109 810 1136 876 ἐν

144 917 342 987 Λαοκόωντι
374 917 518 1006 δράματι
550 917 738 1005 μελλούσης
773 915 972 988 ἁλίσκεσθαι
1008 921 1063 1004 τῆς
1092 913 1137 982 πό-

144 1032 228 1105 λεως
253 1030 409 1110 πεποίηκε
439 1022 500 1094 τὸν
524 1029 666 1093 Αἰνείαν
694 1022 1007 1112 ἀνασκευαζόμενον
1029 1028 1073 1103 είς
1091 1019 1138 1107 την

135 1129 253 1217 Ἴδην,
284 1133 509 1200 κελευσθέντα
540 1128 606 1199 ὑπὸ
638 1135 699 1200 τού
735 1129 860 1218 πατρὸς
889 1130 1044 1220 Ἀγχίσου
1075 1125 1140 1198 κατὰ

143 1236 205 1324 τὴν
242 1237 378 1324 μνήμην
416 1229 464 1306 ὧν
493 1236 674 1326 Ἀφροδίτη
712 1240 875 1325 ἐπέσκηψε
906 1239 963 1306 καὶ
995 1235 1060 1306 άπὸ
1088 1238 1141 1304 τῶν

105 1372 131 1412 ιο
144 1349 264 1413 νεωστί
291 1346 484 1431 γενομένων
511 1346 587 1432 περὶ
615 1343 694 1424 τοὺς
721 1347 981 1424 Λαοκοωντίδας
1016 1347 1142 1432 σημείων
1189 1397 1190 1402 ,

137 1447 203 1519 τὸν
231 1452 395 1539 μέλλοντα
424 1449 570 1538 ὄλεθρον
593 1456 652 1539 της
684 1451 812 1531 πόλεως
834 1453 1144 1540 συντεκμηραμένου.
1190 1487 1191 1524 ι

144 1563 210 1645 ἔχει
238 1555 270 1625 δ’
297 1560 334 1626 ἐν
366 1555 455 1650 αύτῷ
488 1557 529 1627 τά
565 1563 699 1646 ἰαμβεῖα
732 1561 770 1628 ἐν
805 1557 951 1646 άγγίλου
987 1556 1176 1648 προσώπασι

144 1664 309 1752 λεγόμενα
332 1655 416 1732 ὦδε·

256 1801 322 1866 νῦν
346 1795 378 1865 δ’
404 1801 442 1866 ἐν
463 1798 623 1867 πύλαισιν
648 1801 772 1879 Αἰνέας
796 1795 813 1868 ὁ
837 1803 897 1886 τῆς
919 1803 1006 1868 θεοῦ

104 1922 131 1962 1⁶
255 1903 390 1988 πάρεστ’
417 1902 466 1972 ἐπ’
494 1903 594 1992 ὤμων
617 1903 733 1994 πατέρ’
761 1911 847 1992 ἔχων
869 1911 1055 1993 κεραυνίου

255 2009 367 2078 νύτου
390 2010 636 2093 καταστάζοντα
659 2012 827 2100 βύσσινον
851 2012 969 2102 φάρος.

255 2115 366 2206 κύκλφ
391 2115 428 2184 δὲ
450 2120 562 2186 πάσαν
587 2122 726 2187 οἰκετῶν
748 2125 988 2207 παμπληθίαν·

256 2222 479 2311 συμπλάζεται
503 2223 541 2292 δὲ
562 2229 694 2312 πλῆθος
719 2225 780 2314 ούχ
805 2223 887 2295 ὅσον
911 2230 1033 2312 δοκεῖς,

256 2335 292 2398 οδ
311 2328 404 2416 τηςδ’
431 2332 532 2416 ἐρῶσι
554 2335 614 2417 τῆς
636 2329 791 2413 άποικίας
816 2338 971 2421 Φρυγῶν.

103 2436 362 2563 ἔξΜενεκράτης
395 2462 433 2531 δὲ
466 2460 484 2530 ὁ
516 2462 667 2544 Ξάνθιος
698 2469 887 2550 προδοῦναι
919 2479 990 2545 τοῖς
1018 2463 1153 2552 Ἀχαιοίς

144 2566 248 2636 αὐτὸν
281 2566 464 2655 ἀποφαίνει
495 2566 557 2654 τὴν
589 2568 691 2637 πόλιν
727 2573 786 2656 τῆς
821 2567 905 2658 πρὸς
938 2567 1152 2658 Ἀλέξανδρον

145 2679 269 2759 ἔχθρας
297 2675 408 2760 ἕνεκα,
436 2675 491 2742 καὶ
516 2673 573 2742 διά
595 2673 658 2762 τὴν
686 2674 881 2765 εὐεργεσίαν
908 2675 1034 2762 ταύτην
1056 2675 1153 2762 Ἀχαι-

145 2775 204 2858 ούς
223 2776 318 2870 ἀύτῷ
342 2785 557 2869 συγχωρῆσαι
586 2782 822 2851 διασώσασθαι
845 2780 905 2850 τὸν
930 2779 1034 2851 οἶκον.
1082 2781 1154 2868 σύγ-

216 2991 361 3077 ζείρηται
375 2992 450 3047 ΑΒω
522 2995 681 3049 3ταύταΒ
749 2993 812 3049 λδὲ
833 2993 949 3056 ἕκαστος
963 2995 1019 3049 τῶν
1037 2989 1157 3050 άκουύν-

142 3063 1158 3218 {fflffffzssffffifftc‘fpfissffiz'effiffiffssp0'.41³³s10h⁷essss“⁰‘”’32”2⁹00}va

141 3203 165 3257 B
194 3208 198 3273 1
227 3206 419 3268 λακοωντίδας
441 3205 464 3259 Β
551 3213 584 3260 12
608 3206 641 3262 δὲ
670 3203 701 3262 ἐν
727 3202 804 3262 αύτύ
836 3209 872 3276 Β,
906 3203 937 3263 ίν
965 3208 1019 3263 del.
1044 3208 1159 3276 Madug

141 3274 246 3329 Adv.1
273 3294 301 3345 p.
326 3283 378 3331 ‘124
407 3278 411 3345 Ι
442 3275 579 3347 ίαβεῑαΒ
609 3281 613 3344 Ι
643 3273 764 3347 άγγέλου
791 3296 814 3332 ο.
839 3279 982 3349 Kiessling
1008 3274 1159 3349 άγγίλωΒ

143 3339 216 3398 ἄλλο
235 3347 261 3398 R
334 3353 366 3400 17
385 3342 479 3400 κύκλοι
498 3349 520 3401 Β
539 3348 643 3402 Reiske
661 3351 794 3404 κοκλελΒ
809 3352 813 3418 Ι
830 3351 996 3419 παμπησίαν
1019 3367 1042 3405 ο.
1062 3349 1159 3404 Νξολτο

181 3419 213 3468 18
232 3417 326 3477 δοκεῖς
345 3415 373 3470 οἳ
390 3399 493 3470 Βοίοίτο
511 3419 596 3471 δοκεῖ
610 3419 654 3473 σολ
673 3417 695 3472 0
780 3425 812 3474 19
832 3415 916 3488 τῆςδῖ
931 3422 957 3474 A
982 3415 1119 3494 τ<οἴ>ςδ’
1138 3421 1159 3472 Β

144 3487 180 3534 20
203 3481 299 3560 {nimae
317 3484 342 3536 A
371 3487 483 3550 ξανείος
501 3485 549 3540 Ba
