2412 3912
146 237 189 301 70
572 231 807 292 -A-'

143 424 213 484 χει,
254 394 275 484 ή
318 399 373 466 καί
419 404 484 467 νῦν
525 395 591 467 ὑπὸ
628 397 802 486 Ῥωμαίων
844 400 1022 485 οἰκουμένη
1059 397 1131 474 Νέας

142 503 281 584 Πόλεως
313 506 368 573 καί
400 511 581 593 Πομπηίας
612 508 649 573 έν
687 508 776 596 μέσῷ
812 519 917 574 κεῖται
953 506 1079 592 λιμένας
1105 504 1132 569 έν

141 611 242 679 παντί
274 616 379 703 καιρῷ
407 618 566 700 βεβαίους
599 617 740 699 ἔχουσα,
773 612 873 699 δόξης
904 639 939 680 τε
970 613 1024 679 καὶ
1054 607 1133 696 ζήλου

141 719 197 786 καί
219 723 327 805 τιμῷν
356 720 504 787 ίσοθέων
532 717 622 807 παρὰ
644 724 725 788 πᾶσι
747 733 819 800 τοῖς
842 723 997 788 οἰκοῦσιν
1019 720 1053 785 έν
1071 713 1134 783 Ἰτα-

114 830 197 915 ὁλίςι
220 824 332 912 τυχόν
355 823 483 914 άπήρεν
507 830 554 905 εἰς
572 833 742 894 Σικελίαν.
773 829 808 894 οἰ
829 825 867 894 δὲ
880 824 1137 911 καταλειφθέντες
1187 817 1190 892 Ῐ

139 929 196 999 ὑπ’
223 929 329 999 αὐτοῦ
353 932 499 1019 φρουροὶ
522 932 579 999 καί
600 932 770 1020 οἰκήτορες
788 931 929 1012 Ἰταλίας
948 933 984 1000 οί
1003 929 1075 1014 περὶ
1089 924 1137 995 τὸν

139 1037 334 1125 Σατόρνιον
368 1036 475 1125 όχδον
509 1040 687 1126 ἱδρυμένοι
718 1038 799 1117 τέως
831 1037 893 1124 μέν
919 1035 1139 1115 ,έπολιτεόοντο

138 1141 223 1212 καθ’
257 1142 414 1232 ἑαυτοὺς,
441 1143 553 1233 χρόνῳ
582 1141 619 1211 δ’
649 1142 792 1233 ὕστερον
816 1141 858 1212 οὐ
886 1148 1001 1236 μακρῷ
1026 1138 1140 1210 δίαιτάν

139 1276 174 1318 τε
197 1251 252 1316 καί
277 1249 407 1337 νόμους
428 1251 484 1319 καί
507 1254 600 1319 θεῶν
625 1249 698 1339 ἰερόι
717 1251 1001 1337 συνενεγκάμενοι
1017 1247 1057 1318 τὰ
1078 1248 1142 1334 σφέ-

101 1387 128 1425 ιο
141 1382 220 1441 τερα
252 1369 323 1435 τοῖς
346 1354 567 1444 Ἀβοριγίνων
601 1355 712 1444 ῷσπερ
737 1355 892 1447 Ἀρκάδες
918 1357 974 1424 καί
1004 1360 1051 1423 ἔτι
1077 1351 1142 1440 πρό·
1193 1425 1194 1448 ρ

139 1489 238 1551 τερον
262 1464 433 1548 Πελασγοὶ
461 1463 589 1543 πόλεώς
615 1490 651 1532 τε
672 1467 732 1550 τής
754 1461 857 1549 αὐτῆς
883 1477 955 1542 τοῖς
974 1461 1143 1548 Ἀβοριγῖσι
1193 1483 1194 1486 ’

139 1569 408 1657 κοινωνήσαντες
432 1572 624 1657 συνέβησαν
639 1568 818 1658 ὁμοεθνεῖς
832 1574 1039 1656 νομίζεσθαι.
1061 1566 1144 1654 Ἡρα·
1194 1607 1195 1618 ³

139 1677 258 1755 κλέους
296 1677 358 1764 μὲν
395 1674 437 1763 δή
475 1682 646 1761 στρατείας
676 1679 752 1762 πέρι
783 1677 839 1744 καί
867 1679 1145 1761 Πελοποννησίων

101 1857 121 1921 3
140 1779 316 1870 ὑπομονῆς
338 1785 375 1851 έν
396 1781 530 1872 Ἰταλίη,
553 1786 699 1850 τοσαῦτα
723 1782 881 1871 εἰρήσθω.
1150 1780 1183 1832 112

101 1945 126 1985 15
210 1891 361 1980 Δευτέρηι
385 1887 416 1956 δ’
447 1887 591 1976 ὕστερον
624 1892 723 1979 γενεᾷ
755 1887 836 1977 μετὰ
865 1886 928 1976 τήν
955 1885 1150 1976 Ἡρακλέους

141 1992 305 2083 άπαρσιν,
339 2000 404 2064 ἔτει
436 1994 474 2062 δὲ
505 1996 641 2085 πέμπτῳ
672 1995 728 2062 καί
760 1998 971 2085 πεντηκοστῷ
1004 1993 1152 2080 μάλιστα,

142 2097 186 2179 ὡς
209 2098 306 2170 αὐτοὶ
323 2098 481 2188 Ῥωμαῖοι
504 2102 652 2186 λέγουσι,
674 2098 833 2186 βασιλεὺς
855 2100 917 2188 μὲν
938 2099 1152 2188 Ἀβοριγίνων

140 2199 184 2294 ήν
209 2214 354 2286 Λατῖνος
377 2205 565 2292 όΦαόνον,
590 2206 693 2293 γόνος
716 2206 754 2274 δὲ
772 2205 984 2295 Ἡρακλέους,
1006 2211 1155 2296 πέμπτον

142 2313 179 2382 δέ
201 2315 257 2382 καί
280 2311 479 2399 τριακοστὸν
503 2318 575 2393 έτος
599 2319 685 2401 ἔχων
703 2311 765 2401 τήν
788 2311 905 2401 άρχήν.

100 2461 127 2501 20
206 2423 371 2488 XXXXV.
408 2417 503 2489 Κατόι
535 2419 572 2488 δὲ
598 2418 659 2488 τὸν
689 2419 815 2508 χρόνον
843 2423 966 2488 τοῦτον
993 2423 1108 2507 Τρῶες
1130 2421 1160 2486 οί

142 2527 206 2596 σὺν
230 2532 350 2616 Αἰνείᾳ
379 2526 604 2613 διαφυγόντες
631 2528 664 2607 έξ
689 2524 791 2593 Ἰλίου
818 2529 877 2613 τῆς
902 2525 1032 2605 πόλεως
1061 2523 1158 2592 ἁλοό-

142 2653 202 2720 σης
223 2635 385 2718 κατέσχον
409 2636 457 2712 εἰς
472 2633 663 2720 Λωρεντόν,
686 2630 843 2718 αἰγιαλὸν
864 2629 1090 2722 Ἀβοριγίνων
1112 2631 1160 2699 έπί

140 2742 185 2830 τῷ
214 2740 411 2828 Τυρρηνικῷ
439 2738 574 2824 πελάγει
597 2744 768 2826 κείμενον,
798 2735 839 2806 οὐ
866 2737 981 2825 πρόσω
1010 2741 1083 2806 τῷν
1115 2739 1159 2806 ἐκ

141 2846 253 2930 βολῷν
280 2845 342 2911 τοῦ
370 2845 542 2932 Τεβέριος·
571 2844 731 2933 λαβόντες
758 2843 795 2911 δὲ
823 2841 912 2930 παρὰ
942 2849 1010 2913 τῷν
1031 2843 1163 2932 Ἀβορι-

214 3009 228 3056 1
249 2997 266 3068 ή
286 3003 363 3058 ΑΒο
381 2995 399 3071 ἣ
418 3003 465 3058 Bb
481 3007 485 3071 1
501 3005 554 3058 νόν
574 3021 628 3059 om.
648 3006 692 3073 ΑΙ
709 3003 777 3066 νέας
800 2989 973 3066 πόλεως’Βλ)
993 3021 1046 3059 om.
1070 3005 1166 3074 spatio

142 3089 231 3130 vacuo
251 3074 328 3128 ABa
400 3080 528 3129 2κείκαί
547 3075 663 3145 λιμένας
674 3090 698 3131 ο.
708 3074 846 3130 Bficheler
861 3117 959 3132 .....
979 3095 1032 3137 νας
1049 3077 1102 3129 Aa
1122 3077 1167 3128 Ba

142 3143 258 3215 κειμένη
278 3143 394 3214 λιμένας
412 3145 459 3199 Bb
488 3144 603 3216 λιμένας
620 3147 669 3199 Ab
741 3151 757 3199 3
782 3147 916 3218 βεβαίους
940 3144 1043 3216 ἔχουσα
1061 3146 1115 3200 Bb
1138 3146 1168 3200 in

142 3215 288 3287 spatiosa
308 3215 363 3270 litt.
398 3216 533 3288 βεβαι...
553 3217 599 3270 Αο
632 3217 748 3288 βεβαίας
779 3214 882 3285 ἔχουσα
908 3219 955 3272 Ab
1036 3217 1169 3286 4τιμῷν

138 3286 267 3348 ,ἰσοθέων
282 3287 329 3340 Bb
347 3287 544 3355 τιμῷν...Βπ
561 3288 760 3356 τιμωρ...Δο
783 3289 917 3357 τιμωρίας
935 3288 984 3342 Ab
1010 3291 1014 3356 l
1039 3287 1090 3341 καί
1112 3308 1169 3341 πα-

143 3355 178 3424 ρά
200 3357 251 3411 AB
333 3355 400 3411 8δὲ
420 3356 445 3408 Α
527 3365 559 3410 13
580 3357 726 3426 στρατείας
744 3357 790 3411 Bb
820 3359 950 3424 στρατιᾶς
968 3359 1044 3412 ABa
1136 3365 1171 3413 14

142 3428 261 3480 τοιαῦτα
280 3426 332 3481 ΑΒ
360 3442 430 3480 corr.
458 3426 560 3480 Reiske
641 3432 673 3479 19
696 3425 771 3480 δὲΒ
800 3444 854 3482 om.
878 3430 904 3483 R
933 3433 936 3497 Ι
968 3427 1030 3491 ἔτος
1056 3445 1119 3484 om.
1146 3432 1172 3484 A

144 3501 180 3548 24
202 3495 364 3566 τιβέριοςΒ
