2408 3928
459 268 495 304 .-
532 237 554 291 Β
591 267 626 278 ·-
985 235 1049 300 251

52 395 223 483 ἱερωσύνης
239 405 431 484 γαμεῖσθαι.
470 397 527 466 καλ
550 395 821 483 ἐποίησάνιτινες
836 401 937 466 τοῦτο
959 394 1052 465 πάνυ

51 500 164 589 ὀλίγαι,
187 499 239 584 αἷς
265 502 381 592 ἄζηλοι
408 507 602 592 συνέβησαν
629 507 667 572 αί
691 505 841 574 τελευταὶ
867 507 936 572 τῶν
963 508 1050 591 βίων

49 610 96 676 καλ
118 609 157 679 ού
180 609 270 680 πάνυ
293 609 455 699 εύτυχείς,
483 607 568 680 ὥστε
597 609 643 680 δι’
669 615 795 682 οίωνοῦ
818 608 1051 699 λαμβάνουσαι

49 716 97 797 τάς
121 720 259 787 ἐκείνων
291 716 469 807 συμφοράς
501 722 539 786 αλ
568 718 682 787 λοιπαὶ
713 719 880 806 παρθένοι
910 719 1051 805 μένουσι

50 821 124 912 παρά
154 828 195 915 τῇ
228 830 298 918 θεῷ
331 829 428 915 μέχρι
454 826 626 912 θανάτου,
657 824 733 894 τότε
761 824 800 894 δέ
831 829 880 905 είς
906 821 966 893 τὸν
992 826 1078 910 τῆςσ

50 932 236 1020 ἐκλιπούσης
261 931 413 1022 άριθμὸν
448 933 543 1020 ἐτέρα
574 931 677 1002 πόλιν
703 929 770 1002 ὑπὸ
797 935 866 1001 τῶν
894 934 1051 1019 ἱεροφαν-

49 1043 105 1106 ιύν
125 1037 374 1109 ἀποδείκνυται.
415 1041 508 1127 τιμαλ
527 1039 565 1109 δέ
583 1038 701 1120 αύταῑς
718 1038 943 1109 ἀποδέδονται
960 1034 1086 1123 παρᾶδ

49 1150 96 1232 τῆς
118 1147 249 1228 πόλεως
279 1148 400 1217 πολλαὶ
431 1147 488 1216 καλ
514 1153 629 1234 καλαί,
662 1144 707 1215 δι’
737 1142 778 1228 ἃς
810 1144 887 1216 οὔτε
918 1147 1050 1214 παίδων

16 1251 154 1335 σεοαύταῑς
176 1256 248 1324 ἐστι
271 1254 381 1336 πόθος
404 1253 482 1324 ούτε
504 1253 638 1343 γάμων,
664 1259 829 1350 τιμωρίαι.
843 1279 879 1322 τε
905 1253 958 1321 ἐπὶ
980 1266 1052 1331 τοῖς

51 1355 324 1449 ἁμαρτανομένοις
363 1375 491 1430 κείνται
528 1360 686 1449 μεγάλαι,
727 1352 776 1430 ὧν
813 1362 985 1442 ἐξετασταί
1016 1383 1052 1427 τε
1066 1384 1092 1424 10

48 1467 92 1534 καλ
114 1469 278 1537 κολασταὶ
309 1466 393 1538 κατὰ
424 1468 533 1556 νόμον
566 1468 653 1537 είσὶν
686 1470 721 1534 οί
751 1465 964 1556 ἱεροφάνται,
994 1462 1052 1544 τὰς

48 1571 98 1659 μὲν
122 1573 207 1644 άλλο
239 1602 272 1643 τι
303 1577 372 1642 τῶν
400 1575 589 1644 ἐλαττόνων
621 1571 880 1662 ἁμαρτανούσας
911 1571 1052 1660 ῥάβδοις

46 1684 290 1768 μαστιγοῦντες,
330 1679 390 1762 τδς
426 1680 464 1750 δέ
501 1686 690 1769 φθαρείσας
730 1685 888 1772 αἰσχίστῳ
924 1705 960 1748 τε
995 1680 1051 1747 καὶ

46 1788 249 1882 ἐλεεινοτάτῳ
284 1786 530 1876 παραδιδόντες
565 1787 713 1878 θανάτῳ.
772 1792 874 1870 ζῶσαι
906 1785 970 1876 γὰρ
1003 1783 1087 1856 ἐτι4

45 1896 267 1982 πομπεύουσιν
297 1897 350 1964 ἐπὶ
376 1900 494 1982 κλίνης
520 1893 704 1982 φερόμεναι
730 1893 793 1982 τὴν
816 1892 1051 1981 άποδεδειγμέ-
1066 1915 1092 1957 ιι
1189 1885 1190 1890 ¹

45 2027 99 2088 νην
120 2017 194 2084 τοῖς
216 2015 349 2092 νεκροῖς
376 2002 541 2090 ἐκφοράν,
563 1999 842 2089 ἀνακλαιομένων
871 1998 974 2081 αύτέις
995 2001 1051 2070 καλ

45 2108 302 2198 προπεμπόντων
334 2114 445 2196 φίλων
472 2135 507 2178 τε
534 2108 590 2176 καλ
618 2110 809 2195 συγγενῶν,
836 2117 1052 2195 κομισθεῖσαι

47 2213 76 2281 δὲ
96 2217 192 2304 μέχρι
214 2219 274 2304 τῆς
291 2222 462 2301 Κολλίνης
483 2213 601 2302 πύλης,
620 2213 715 2298 ἐντὸς
731 2223 862 2302 τείχους
880 2217 927 2295 είς
946 2212 1051 2301 σηκὸν

45 2317 99 2390 ὑπὸ
120 2327 185 2412 γῆς
206 2321 516 2409 κατεσκευασμένον
539 2320 606 2409 ἅμα
626 2335 697 2400 τοῖς
719 2324 891 2408 ἐνταφίοις
912 2319 1053 2406 κόσμοις

44 2434 186 2500 τίθενται
217 2430 274 2498 καὶ
303 2427 374 2498 οὔτ’
401 2429 620 2516 ἐπιστήματος
652 2425 722 2497 οὔτ’
754 2429 945 2516 ἐναγισμῶν
978 2425 1048 2496 οὔτ’
1066 2449 1093 2489 ει

45 2531 141 2607 όλλου
164 2539 235 2605 τῶν
258 2539 412 2624 νομίμων
437 2533 578 2616 ούδενδς
601 2534 816 2623 τυγχάνουσι.
860 2530 968 2603 πολλὰ
990 2534 1092 2622 μένό

46 2633 99 2710 σύν
125 2644 183 2712 καλ
216 2642 302 2712 ἄλλα
332 2646 427 2712 δοκεῖ
452 2642 629 2732 μηνύματα
657 2640 745 2711 εἶναι
773 2647 833 2730 τῆς
860 2639 921 2729 οὐχ
952 2638 1053 2722 ὁσίως

44 2744 266 2839 ὑπηρετούσης
296 2764 368 2830 τοῖς
399 2754 517 2838 ἱεροῖς,
549 2750 691 2838 μάλιστα
724 2748 761 2818 δὲ
792 2746 814 2834 ἡ
848 2751 961 2836 σβέσις
991 2753 1053 2818 τοῦ

44 2857 151 2944 πυρός,
175 2853 221 2944 ἣν
242 2854 327 2945 ὑπὲρ
351 2855 482 2925 ἅπαντα
501 2855 542 2928 τὰ
562 2855 658 2926 δεινά
676 2854 834 2944 Ῥωμαῖοι
858 2859 1052 2925 δεδοίκασιν

45 2956 233 3053 ἀφανισμοῦ
255 2968 314 3051 τῆς
336 2963 464 3045 πόλεως
493 2977 632 3052 σημεῖον
654 2961 966 3051 ὑπολαμβάνοντες,
990 2962 1049 3052 ἀφ’
1067 2986 1093 3028 ει

14 3057 86 3151 λθῆς
105 3067 177 3140 ποτ’
209 3065 253 3139 ἂν
281 3073 389 3150 αίτίας
410 3070 564 3157 γένηται,
591 3070 648 3138 καὶ
670 3076 809 3150 πολλαῖς
839 3068 922 3140 αύτὸ
949 3081 1052 3159 θερα-

108 3305 125 3354 4
142 3299 175 3355 αλ
191 3300 292 3357 πολλαλ
310 3319 333 3358 ο.
348 3301 488 3358 Bficheler
559 3308 575 3356 6
600 3294 784 3370 ἐκλειπούσης
801 3302 878 3356 ABa
951 3307 985 3357 15
1003 3304 1054 3372 τῆς

48 3362 280 3444 ἀποδεδειγμένοις
301 3379 361 3436 τοῖς
383 3378 496 3442 νεκροῖς
515 3367 563 3428 ἐπ’
584 3368 694 3448 ἐκφορᾷ
717 3389 741 3428 α.
760 3373 863 3428 Reiske
938 3379 971 3428 16
989 3382 1054 3438 ταῖς

49 3449 150 3510 νεκραῖς
177 3444 201 3500 Ο
228 3461 296 3504 αοετ.
328 3445 488 3514 Stephanus
570 3447 603 3497 18
631 3445 749 3512 κομίνης
775 3444 828 3498 ΑΒ
857 3447 861 3512 Ι
892 3439 974 3508 ἐντὸς
1000 3447 1052 3502 τοῦ

49 3512 145 3580 τείχους
164 3515 187 3571 O
207 3517 321 3587 praeter
338 3518 362 3570 Β
435 3521 469 3570 20
489 3510 611 3585 σήματος
628 3530 652 3570 α.
671 3514 775 3568 Reiske
