2396 3918
133 181 176 248 88
558 184 725 237 -A-

221 345 289 412 LV.
333 347 402 413 Τοῦ
434 341 472 410 δέ
504 345 620 431 μηκέτι
655 345 857 432 προσωτέρω
893 346 952 429 τής
982 340 1123 429 Εάρόπης

132 453 273 518 πλεῦσαι
291 449 352 519 τὸν
370 447 522 537 Τρωικὸν
541 449 664 519 στόλον
685 454 720 520 οἵ
739 477 774 519 τε
792 451 937 540 χρησμοί
960 459 1056 518 αῖτιοι
1071 451 1124 534 ε’χέ-

20 583 36 596 ·’
131 584 235 626 νοντο
258 561 353 638 τέλος
374 557 536 644 λαβόντες
559 560 596 626 ἐν
618 556 751 638 τούτοις
777 573 848 638 τοῖς
875 563 1010 646 χωρίοις
1030 553 1124 624 καὶτὸ
1177 620 1178 623 ,

133 665 313 752 δαιμόνιον
336 669 511 752 πολλαχῶς
532 663 595 751 τήν
619 666 741 735 ἑαυτοῦ
756 665 923 753 βούλησιν
937 662 1126 749 ἐνδεικνόμε·

105 789 216 842 δνου·
239 771 353 860 ἐπειδή
376 770 441 861 γὰρ
465 770 559 863 όρμχο
582 774 788 860 χρησάμενοι
809 776 859 864 τῷ
883 774 1046 862 Λωρεντῷ
1067 789 1127 855 σκη-

131 877 193 960 νάς
223 880 386 967 ἐπήξαντο
408 881 484 967 περί
511 877 570 948 τὸν
599 880 771 966 αἰγιαλόν,
801 877 1022 968 πρῶτονμὲν
1043 883 1129 957 πιεζο-

131 991 247 1074 μένοις
274 1003 345 1068 τοῖς
372 985 570 1075 ἀνθρώποις
592 984 658 1056 ὑπὸ
688 991 789 1074 δίψης
812 985 874 1056 οὐκ
898 992 1033 1074 ἔχοντος
1053 981 1129 1068 ὕδωρ

130 1098 192 1162 τοῦ
219 1093 325 1162 τόπου
354 1095 454 1184 (λέγω
484 1093 521 1162 δὲ
548 1090 684 1183 δὶπαρδι
711 1099 779 1164 τῶν
808 1097 979 1183 ἐγχωρίων
1009 1092 1131 1178 παρέλα-

132 1200 213 1288 βον)
237 1199 374 1288 λιβάδες
397 1199 579 1288 αὐτόματοι
602 1200 752 1289 νάματος
765 1197 907 1288 ἡδίστου
922 1201 956 1267 ἐκ
970 1203 1033 1286 γῆς
1054 1195 1132 1266 ιἰνελ·

17 1299 19 1304 1
95 1322 120 1361 1⁰
133 1311 262 1376 θοῦσαι
285 1306 466 1395 ὤφθησαν,
489 1309 522 1388 ἐξ
547 1298 595 1376 ὦν
619 1305 641 1394 ή
664 1333 699 1376 τε
723 1305 860 1395 στρατιδι
874 1311 964 1375 πᾶσα
986 1303 1132 1392 ὑδρεύσα-

133 1440 172 1483 το
191 1415 247 1482 καί
263 1412 280 1482 ὁ
295 1414 397 1494 τόπος
410 1420 609 1503 περίρρυτος
622 1417 741 1502 γέγονε
761 1417 857 1502 μέχρι
871 1412 1041 1499 θαλάττης
1054 1437 1133 1480 κατα-

93 1518 260 1608 2βάντος
292 1518 357 1589 άπὸ
385 1525 453 1590 τῶν
485 1524 604 1606 πηχῶν
631 1525 693 1589 τοῦ
722 1520 895 1608 ῥεύματος.
939 1524 1008 1588 νῦν
1037 1521 1135 1606 μέντοι

133 1626 245 1697 οὐκέτι
268 1627 463 1715 πλήθουσιν
482 1625 567 1696 ὥστε
589 1627 645 1695 καί
667 1625 831 1716 ἀπορρεῖν
855 1631 892 1695 αί
908 1625 1058 1714 λιβάδες,
1079 1621 1133 1692 ἀλλ’

133 1741 224 1803 ἔστιν
244 1733 361 1821 ὀλίγον
380 1731 475 1823 ὕδωρ
494 1737 532 1803 ἐν
553 1740 658 1827 κοίλῳ
681 1742 793 1826 χωρίῳ
814 1732 1031 1820 συνεστηκὸς,
1054 1730 1168 1818 λεχό-111

93 1864 117 1904 15
131 1866 237 1928 μενον
260 1837 329 1908 ὑπὸ
349 1844 417 1908 τῶν
432 1843 603 1928 ἐγχωρίων
626 1839 721 1928 ίερδν
743 1839 858 1928 ἡλίου·
881 1841 937 1909 καὶ
959 1840 1070 1928 βωμοὶ
1087 1836 1137 1904 δόο
1180 1859 1181 1908 λ

130 1945 210 2035 παρ’
236 1945 326 2039 αὐτῷ
352 1951 560 2034 δείκνυνται,
589 1946 606 2016 ὁ
636 1947 698 2036 μέν
721 1946 805 2036 πρὸς
827 1946 994 2028 ἀνατολὰς
1018 1969 1139 2034 τετραμ
1180 1977 1181 2016 1

132 2057 247 2142 μένος,
285 2051 304 2122 ὁ
343 2053 380 2121 δὲ
415 2053 500 2143 πρὸς
537 2055 666 2141 δόσεις,
712 2052 845 2143 Τρωικὰ
882 2053 1065 2142 ἱδρύματα,
1099 2047 1138 2136 ἐφ’
1180 2087 1181 2120 ι

133 2152 182 2228 ὦν
204 2157 265 2230 τὸν
284 2165 427 2229 Αἰνείαν
450 2166 685 2248 μυθολογοῦσι
703 2161 840 2248 πρώτην
862 2165 992 2230 θυσίαν
1015 2160 1142 2247 ποιήσα-

97 2272 217 2338 3σθαι
245 2272 291 2360 τῷ
315 2272 386 2359 θεῷ
417 2267 635 2356 χαριστήριον
662 2273 731 2336 τῶν
758 2265 903 2336 ὑδάτων.
947 2272 1060 2337 ἔπειτα
1081 2265 1142 2351 άρι-

92 2407 119 2447 ιο
133 2395 214 2445 στον
251 2368 369 2456 αὐτοῖς
406 2378 621 2463 αίρουμένοις
662 2375 716 2443 ἐπὶ
752 2379 813 2443 τοῦ
850 2377 1001 2443 δαπέδου
1039 2375 1144 2442 σέλινα

133 2483 195 2570 μὲν
217 2489 356 2560 πολλοῖς
378 2477 569 2568 ὑπέστρωτο
593 2473 716 2568 καλήν
742 2485 848 2550 ταῦτα
872 2478 983 2569 ὥσπερ
1012 2479 1144 2568 τράπεζα

131 2593 202 2657 τῶν
224 2586 435 2675 ἐδεσμάτων·
463 2584 508 2667 ὡς
532 2590 572 2656 δέ
593 2594 681 2676 φασί
699 2616 801 2675 τινες,
832 2599 921 2677 ίτρια
943 2593 1076 2677 καρποῦ
1098 2610 1145 2654 πε-

132 2697 298 2782 ποιημένα
317 2699 480 2781 πυρίνου,
503 2695 766 2782 καθαρειότητος
787 2710 861 2776 ταῖς
881 2709 1025 2784 τροφαῖς
1049 2696 1146 2762 ἕνεκα.

133 2802 204 2870 ἐπεὶ
237 2800 274 2869 δέ
307 2803 344 2867 αί
373 2810 614 2888 παρατεθεῖσαι
646 2804 768 2889 τροφαί
800 2802 1057 2887 κατανάλωντο,
1086 2803 1147 2868 τῶν

93 2938 119 2978 τε
134 2906 402 2994 ὑπεστρωμένων
431 2906 546 2988 αὐτοῖς
575 2913 719 2978 σελίνων
747 2917 811 2976 είτε
835 2913 951 2996 ἰτρίων
979 2910 1086 2996 ἔφαγέ
1104 2931 1148 2983 τις

205 3109 223 3158 4
252 3099 488 3172 ἐπιδεικνύμενον
516 3105 539 3158 Β
632 3111 647 3160 9
676 3099 833 3188 αὐτόματοι
862 3104 884 3160 O
914 3121 983 3160 corr.
1010 3100 1149 3169 Kiessling

134 3181 168 3230 10
194 3171 333 3300 ἔφθησαν
365 3190 388 3228 ο.
416 3175 559 3245 Kiessling
595 3180 599 3244 Ι
621 3171 810 3262 όδρεόοαντο
834 3177 860 3230 Α
928 3183 984 3236 11
1006 3171 1150 3244 έπίρροτος

132 3246 176 3312 ΒΙ
194 3241 349 3316 ἒχένετοΒ
424 3252 457 3300 14
477 3241 647 3331 συνεστηκός
667 3244 699 3302 έν
717 3247 801 3302 κοιλω
821 3248 962 3332 χωρίωΒ
1027 3253 1063 3300 15
1083 3244 1150 3299 ίλίον
1180 3265 1181 3350 χ

134 3316 209 3370 ABa
282 3322 316 3370 20
336 3315 432 3370 σε’λινοι
456 3311 545 3401 μὲν
528 3337 565 3378 ως
583 3316 780 3386 παραδέδοται
798 3321 924 3385 πολλοῖς,
948 3313 1181 3386 δπέστρωτοο
1180 3353 1181 3386 ,

134 3381 273 3441 Bfeiske
256 3407 293 3448 ως
311 3384 362 3454 μὲν
378 3389 491 3447 πολλοῖς
507 3381 681 3444 ἀποδέδοται
698 3388 836 3444 οέλιναο.
854 3389 993 3444 Bucheler
1053 3394 1087 3443 23
1106 3406 1151 3442 κα-

135 3452 308 3525 θαριότητος
327 3455 349 3510 Ο
370 3473 440 3511 corr.
460 3454 548 3511 Cobet
535 3457 632 3515 &Oba
651 3477 678 3528 p
698 3466 732 3516 31
