2408 3928
471 211 636 266 ..Β-

57 368 172 437 Τάτιου
200 369 253 437 ἐπί
279 383 352 451 τοις
381 378 469 451 ἴσοις
501 369 706 458 [γενόμενοι]
740 378 972 462 μετειληφέναι
1004 379 1064 464 τῆς

53 475 172 556 πόλεως
193 474 283 563 παρὰ
305 481 376 547 τάν
400 475 550 566 ἀρχαίων
583 478 769 568 οἰκητόρων
792 481 849 549 καὶ
871 480 934 569 τὴν
957 480 1064 572 αὐτὴν

53 581 142 671 χάριν
160 585 303 664 ἐκείνοις
322 582 419 654 αὐτοὶ
442 585 625 654 δεδωκέναι
639 585 835 672 <έδόκουν>.
872 585 941 676 ἅμα
960 590 999 658 δὲ
1015 591 1062 680 τῷ
1082 591 1103 658 3

52 688 106 776 τὴν
134 689 266 778 βουλὴν
297 695 477 779 διαστῆναι
508 693 564 760 καὶ
594 689 632 761 τὸ
662 696 730 762 τῶν
753 696 907 761 πελατῶν
933 696 1065 781 πλῆθος

55 799 119 886 διχῇ
147 796 314 885 μερισθὲν
343 798 481 888 ἑκατέρᾳ
508 800 688 884 συνέβαινε
715 802 785 867 τῶν
813 798 973 869 στάσεων.
1018 792 1090 886 ἡνε

57 904 89 970 δέ
105 929 135 972 τι
156 908 220 973 τού
241 907 426 992 δημοτικοῦ
445 905 546 991 μέρος
569 902 630 972 ούκ
653 902 771 991 ὀληιον
796 907 831 974 ἐκ
850 908 918 973 τῶν
942 906 1062 974 νεωστὶ

53 1010 349 1098 προσεληλυθότων
371 1014 411 1100 τῇ
434 1013 601 1101 πολιτείᾳ,
630 1005 648 1079 δ
674 1008 790 1079 διὰτὸ
814 1009 960 1098 μηδενὸς
983 1025 1063 1080 συν-

54 1115 189 1204 άρασθαι
223 1121 270 1210 τῷ
298 1115 457 1208 Ῥωμύλῳ
495 1119 645 1203 πολέμου
681 1117 961 1205 παρημελημένον
996 1114 1061 1185 ὑπὸ

56 1226 102 1292 τοῦ
117 1221 287 1312 ἡγεμόνος
306 1222 382 1293 ούτε
401 1227 463 1310 γῆς
488 1222 618 1311 εἰλήφει
641 1238 765 1313 μοῖραν
789 1221 866 1293 οὔτε
890 1220 1062 1311 ὠφελείας.

20 1333 141 1398 ίοειούτο
178 1329 340 1401 ἀνέστιον
375 1331 432 1399 καὶ
472 1329 607 1418 πτωχὸν
649 1329 825 1418 ἀλώμενον
861 1329 988 1418 ἐχθρὸν
1025 1333 1062 1399 έκ
1076 1361 1103 1402 ιο

54 1440 101 1503 τοῦ
134 1435 326 1524 ἀναγκαίου
362 1451 434 1518 τοῖς
470 1442 659 1525 κρείττοσιν
690 1429 734 1525 ἦν
765 1438 822 1506 καὶ
855 1443 1061 1524 νεωτερίζειν

53 1542 266 1632 ἑτοιμότατον.
316 1545 354 1612 ἐν
382 1542 525 1634 τοιούτῳ
558 1541 600 1630 δὴ
632 1542 782 1612 κλύδωνι
812 1540 854 1611 τά
882 1539 1101 1629 πράγματα4
1133 1585 1173 1598 --

51 1653 98 1734 τῆς
121 1651 252 1731 πόλεως
281 1650 468 1720 σαλεύοντα
497 1647 515 1717 ὁ
539 1648 660 1736 Νόμας
688 1648 902 1736 καταλαβών,
924 1652 1059 1735 πρῶτον
1127 1673 1165 1690 ···

51 1755 101 1841 μὲν
130 1756 211 1838 τούς
244 1756 394 1845 άπόρους
426 1760 495 1826 τῶν
523 1759 681 1844 δημοτῶν
712 1754 855 1842 ἀνέλαβε
886 1757 1061 1844 διανείμας

51 1860 236 1952 αύτοίς·άφ’
261 1855 302 1952 ἧς
319 1861 489 1951 Ῥωμύλος
512 1864 664 1950 ἐκέκτητο
687 1862 799 1950 χώρας
824 1862 881 1929 καὶ
911 1859 976 1931 άπὸ
998 1865 1057 1948 τῆς
1072 1892 1098 1934 ιε

51 1971 201 2058 δημοσίας
240 1970 365 2058 μοῖράν
401 1996 479 2040 τινα
515 1967 648 2056 ὀλίγην·
686 1973 798 2038 ἔπειτα
834 1966 913 2048 τούς
943 1992 1059 2056 πατρι-

50 2081 131 2158 κίους
152 2075 260 2157 οὐδὲν
283 2076 346 2165 μὲν
365 2075 576 2164 ἀφελόμενος
598 2067 647 2144 ὧν
671 2079 707 2144 οί
722 2080 896 2155 κτίσαντες
917 2073 980 2162 τὴν
998 2074 1058 2144 πό-

50 2189 94 2250 λιν
120 2182 284 2271 εῧροντο,
310 2197 382 2264 τοῖς
409 2181 443 2250 δ’
468 2185 616 2262 έποίκοις
644 2182 757 2270 ἑτέρας
784 2181 880 2262 τινὰς
909 2177 1059 2261 ἀποδοὺς

50 2291 146 2377 τιμάς,
180 2296 306 2359 ἔπαυσε
339 2291 617 2378 διαφερομένους.
673 2286 908 2377 ἁρμοσάμενος
945 2287 983 2356 δέ
1018 2284 1098 2358 τὸὸ

50 2401 166 2482 πλῆθος
204 2395 295 2466 ἅπαν
338 2395 449 2486 ὥσπερ
492 2395 641 2484 όργανον
681 2395 764 2484 πρὸς
803 2398 862 2464 ἕνα
898 2392 959 2464 τδν
995 2398 1056 2464 τού
1070 2425 1098 2467 εο

49 2509 132 2594 κοινῇ
169 2507 406 2593 συμφέροντος
445 2502 609 2592 λογισμὸν
645 2503 701 2571 καὶ
737 2506 796 2589 τῆς
831 2501 960 2581 πόλεως
995 2499 1057 2570 τὸν

50 2617 217 2699 περίβολον
241 2610 389 2698 αὐξήσας
411 2614 458 2702 τῷ
481 2614 652 2699 Κυρινείῳ
680 2607 775 2699 λόφω
800 2608 897 2697 (τέως
919 2606 984 2698 γάρ
1008 2613 1056 2676 ἔτι

50 2712 219 2805 ἀτείχιστος
241 2709 300 2808 ἦν)
322 2717 398 2786 τότε
427 2720 495 2786 τῶν
524 2715 637 2784 άλλων
659 2714 912 2801 πολιτευμάτων
936 2713 1056 2802 ἥπτετο

109 2920 122 2966 1
136 2908 290 2984 γενόμενοι
304 2913 327 2969 Ο
341 2913 419 2969 haud
433 2913 518 2968 dubie
532 2929 567 2968 ox
585 2909 752 2982 γενομέναις
767 2912 860 2966 ortum
875 2910 930 2967 del.
945 2911 1056 2967 Bflehe-

50 2980 90 3051 ler,
111 2979 261 3056 εύγύμενοι
279 3001 303 3040 ο.
317 2985 427 3054 Portus,
445 2979 607 3055 γλιχόμενοι
626 2999 649 3038 ο.
664 2981 805 3052 Kiessling
822 2982 868 3039 Pr.
883 2982 947 3039 Βεε.
985 3028 991 3040 .
1014 2991 1055 3054 10,

52 3046 88 3106 ἐπὶ
107 3063 163 3119 τοῖς
187 3059 260 3118 λ’σοις
288 3056 337 3110 καί
365 3050 474 3125 ὁμοίοις
502 3073 525 3110 ο.
550 3055 639 3110 Cobet
661 3053 726 3109 obs.
749 3071 777 3123 p.
802 3059 850 3124 53,
877 3049 906 3142 γ’
928 3053 957 3110 οί
974 3074 1056 3126 μενοι

53 3138 69 3176 ε.
93 3125 210 3182 Schenkl
242 3127 261 3182 l.
285 3128 304 3182 l.
337 3145 365 3196 p.
393 3133 428 3182 46
514 3132 530 3180 2
558 3119 576 3194 ἢ
604 3121 656 3194 τὴν
687 3124 741 3178 ΑΒ
773 3124 822 3179 καὶ
853 3146 906 3195 την
932 3126 1056 3197 Sylburg

53 3197 64 3245 3
80 3192 205 3262 αύτοῐςΒ
221 3199 226 3268 Ι
244 3192 366 3253 ἐδόκουν
385 3197 450 3252 add.
464 3195 607 3267 Kiessling
661 3193 744 3250 λκαὶ
762 3196 801 3250 τύ
820 3197 915 3251 τώνΒ
970 3203 986 3253 5
1005 3218 1055 3268 με-

54 3269 254 3344 ρισδ<ᾔναι>Β
327 3267 466 3339 6μὲρους
484 3269 510 3323 Α
582 3263 771 3336 θείλήφειΒ
798 3268 898 3336 εἴληφε
918 3269 943 3322 R
963 3269 968 3338 Ι
989 3263 1052 3324 οὔτ’

54 3329 123 3402 ἄλλος
141 3335 281 3410 ὠφελείας
301 3357 324 3394 ο.
341 3339 442 3396 Reiske
461 3341 539 3402 λείας
557 3356 580 3394 ο.
595 3337 740 3408 Kiessling
812 3344 845 3393 21
860 3340 943 3412 κοινῇ
959 3339 1054 3394 Κίεει-

53 3404 101 3478 ling
116 3411 251 3468 κοινούΟ
311 3418 346 3466 22
365 3413 481 3482 κυρινίω
496 3412 549 3466 ΑΒ
567 3427 637 3466 corr.
651 3407 755 3464 Reinke
811 3415 845 3464 23
864 3407 928 3466 τότε
949 3406 985 3482 δὴ
1005 3413 1055 3467 καί

54 3478 97 3532 τόν
113 3477 198 3538 ἄλλων
218 3501 243 3539 ο.
262 3482 366 3538 Reiske

837 3567 892 3622 16*
