2396 3918
458 220 625 272 -A-
987 215 1050 279 147

56 383 129 464 φασί
148 403 234 457 τινες
262 381 301 467 τῆ
329 379 418 464 μάχη
450 375 512 446 τὸν
542 375 751 463 Φαιστύλον,
785 371 822 458 ός
849 377 1051 465 ἐξεθρέψατο
1103 399 1108 408 ·

56 483 121 564 τούς
132 488 338 570 νεανίσκους,
357 486 516 552 διαλῦσαι
534 483 597 572 τῆν
617 489 690 572 ἔριν
707 487 776 552 τῶν
794 482 953 571 ἀδελφῶν
972 489 1052 569 βου-

56 590 193 678 λόμενον,
213 587 259 671 ύς
278 589 381 660 οὐδὲν
401 586 473 671 οἷός
490 587 519 658 τ’
536 583 581 678 ῆν
600 588 736 677 άνύσαι,
753 595 800 672 είς
822 592 946 679 μέσους
966 588 1052 659 εύσα-

54 705 123 764 σθαι
138 698 216 778 τούς
235 700 444 786 μαχομένους
462 696 615 767 άνοπλον
633 696 789 767 θανάτου
810 702 871 766 τού
894 703 1052 786 ταχίστου

55 819 150 892 τυχεῖν
161 805 461 894 προθυμούμενον,
476 804 558 895 ὅπερ
568 805 668 892 <καλ>
680 806 819 892 ἐγένετο.
841 804 931 885 τινὲς
946 804 984 873 δέ
996 805 1052 874 καλ
1079 830 1092 868 ι

54 911 102 980 τὸν
121 913 240 981 λέοντα
256 911 318 982 τὸν
336 918 486 999 λίθινον,
506 909 544 994 δς
563 918 668 981 ἔκειτο
687 916 746 999 τῆς
764 909 890 1000 ἀγορᾶς
907 915 966 1000 τῆς
983 916 1052 982 τῶν

52 1016 204 1106 Ῥωμαίων
227 1022 333 1113 ἐντῷ
356 1027 521 1112 κρατίστῳ
545 1025 656 1112 χωρίφ
679 1018 769 1109 παρὰ
794 1031 864 1099 τοῖς
887 1019 1052 1107 ἐμβόλοις,

59 1127 96 1194 ἐπὶ
112 1131 156 1219 τῷ
182 1125 312 1215 σάματι
339 1132 401 1196 τού
427 1125 622 1196 Φαιστύλου
648 1131 795 1214 τεθῆναί
814 1147 935 1215 φασιν,
968 1131 1054 1194 ἔνθα

59 1237 150 1302 ἔπεσεν
183 1231 252 1304 ύπδ
284 1238 352 1304 τῶν
384 1232 556 1324 εὑρόντων
592 1235 763 1322 ταφέντος.
818 1231 1093 1313 άποθανόντος3

55 1337 79 1404 δ’
103 1343 136 1408 έν
160 1346 203 1430 τῆ
231 1341 318 1431 μάχη
343 1339 475 1429 Ῥύμου
505 1347 606 1428 νίκην
639 1345 807 1427 οίκτίστην
840 1339 858 1410 ό
885 1337 1055 1429 Ῥωμύλος
1068 1367 1094 1408 ιο

53 1442 105 1516 άιιό
133 1475 166 1516 τε
205 1452 266 1517 τού
304 1447 456 1536 ἀδελφοῦ
491 1449 548 1517 καὶ
583 1452 755 1536 πολιτικῆς
795 1445 1055 1535 ἀλληλοκτονίας

52 1548 240 1642 άνελόμενος
270 1555 331 1624 τὸν
362 1555 425 1642 μὲν
447 1553 578 1643 Ῥῶμον
606 1558 643 1624 έν
674 1559 715 1644 τῆ
740 1552 894 1645 Ῥεμορίᾳ
919 1553 1053 1642 θάπτει,

50 1660 147 1749 εἰτειδῆ
166 1664 225 1731 καὶ
247 1667 313 1744 ζων
331 1667 393 1731 τοῦ
412 1668 539 1751 χωρίου
557 1666 616 1749 τῆς
634 1668 771 1743 κτίσεως
784 1667 975 1750 περιείχετο,
995 1659 1053 1730 αύ-

49 1769 94 1846 ιὸς
115 1768 150 1837 δὲ
172 1767 240 1838 ὑπὸ
265 1769 372 1856 λύπης
394 1769 504 1838 τεκαὶ
523 1775 701 1857 μετανοίας
722 1772 791 1838 τῶν
809 1769 1054 1857 πεπραγμένων

48 1876 151 1962 παρεὶς
173 1873 298 1945 ἑαυτὸν
322 1880 370 1956 είς
393 1873 589 1962 ἀπόγνωσιν
611 1879 672 1944 τού
695 1880 775 1961 βίον
797 1876 958 1963 τρέπεται.
996 1879 1055 1962 τῆς
1069 1900 1095 1940 ιι

50 1980 79 2048 δὲ
100 1988 325 2071 Λαυρεντίας,
352 1979 374 2070 ῆ
397 1980 560 2069 νεογνούς
586 1986 829 2070 παραλαβοῦσα
853 1983 1055 2070 ἐξεθρέψατο

13 2088 97 2154 ιλικαλ
115 2089 241 2178 μητρὸς
259 2088 321 2177 ούχ
340 2079 443 2177 ῆττον
466 2087 638 2177 ἠσπάζετο,
653 2090 815 2176 δεομένης
831 2088 888 2157 καὶ
910 2113 1055 2177 παρηγο-

48 2195 176 2284 ρούσης,
205 2196 310 2286 ταύτη
337 2195 544 2284 πειθόμενος
570 2193 759 2265 άνίσταται·
792 2193 996 2282 συναγαγών
1018 2195 1056 2262 δέ

47 2301 114 2382 τοὺς
130 2310 314 2391 Λατίνους,
334 2301 409 2372 ὅσοι
428 2303 473 2391 μῆ
492 2302 575 2372 κατὰ
595 2301 657 2390 τῆν
676 2302 787 2390 μάχην
806 2301 1055 2391 διεφθάρησαν,

13 2465 14 2470 ,
48 2403 138 2501 ὀλίγφ
160 2417 298 2490 πλείους
322 2410 421 2491 ὄντας
443 2416 637 2498 τρισχιλίων
661 2411 697 2478 έκ
720 2407 811 2477 πάνυ
834 2412 961 2476 πολλοῦ
980 2405 1052 2476 κατ’
1069 2431 1096 2472 ιο

48 2511 138 2602 ἀρχὰς
160 2520 349 2606 γενομένου
371 2515 541 2604 πλήθους,
570 2515 626 2584 ὅτε
648 2513 711 2603 τῆν
734 2513 891 2584 ἀποικίαν
914 2520 1055 2600 ἔστελλε,

48 2629 158 2706 πολίζει
182 2622 222 2693 τὸ
246 2625 471 2694 Παλλάντιον.
518 2621 537 2693 ὁ
563 2623 625 2710 μὲν
649 2612 712 2690 οὖν
731 2620 967 2702 πιθανώτατος
986 2620 1097 2689 τῶν4

48 2728 147 2815 λόγων
170 2732 249 2820 περὶ
272 2736 331 2819 τῆς
348 2729 479 2820 Ῥύμου
501 2734 657 2819 τελευτῆς
687 2720 786 2810 οὗτος
808 2727 900 2798 εἷναί
919 2755 976 2817 μοι
1001 2732 1057 2796 δο-

48 2851 95 2904 κεῖ.
139 2840 294 2926 λεγέσθω
319 2838 350 2907 δ’
377 2838 467 2927 ὅμως
489 2841 545 2909 καὶ
572 2849 606 2908 εί
629 2866 680 2919 τις
703 2838 821 2925 ἑτέρως
844 2842 929 2924 ἔχων
951 2859 1056 2924 παρα-

50 2945 181 3014 δέδοται.
219 2946 303 3033 φασὶ
318 2947 361 3033 δῆ
375 2972 465 3026 τινες
479 2941 733 3034 συγχωρήσαντ’
751 2942 855 3012 αὐτὸν
869 2946 915 3036 τῷ
931 2940 1056 3031 Ῥωμύ-
1070 2973 1096 3015 ει

49 3055 85 3138 λῳ
101 3050 163 3139 τῆν
183 3050 380 3139 ἡγεμονίαν,
399 3051 595 3139 ἀχθόμενον
615 3050 725 3119 δὲκαὶ
746 3048 792 3118 δι’
815 3049 918 3139 ὀργῆς
937 3056 1056 3138 έχοντα

109 3219 122 3266 1
143 3209 293 3282 ἐθρέψατο
312 3213 335 3264 Β
398 3213 484 3267 θκαλ
502 3211 567 3266 add.
587 3200 677 3266 cbbess
695 3210 759 3266 obs.
784 3229 812 3280 p.
831 3215 866 3265 38
936 3213 968 3261 11
988 3227 1017 3263 τε
1033 3208 1055 3261 Β

51 3283 140 3356 0le
153 3284 301 3352 πολιτικῆς
314 3277 427 3346 ὄνειδος
441 3282 488 3339 vel
501 3285 603 3352 κηλίδα
622 3299 644 3338 ο.
656 3281 759 3336 Βοὶελτο
810 3286 844 3335 14
858 3275 915 3334 ὑπὸ
927 3279 1055 3333 Meineke

51 3345 137 3409 άτόΟ
222 3361 255 3410 19
285 3351 488 3424 διεφθάρησαν
514 3353 603 3411 Cobet
626 3353 691 3409 Obs.
711 3366 748 3423 ηι.
772 3358 806 3408 38
840 3347 1054 3422 έφθάρησανΟ

51 3427 77 3476 23
90 3422 174 3496 δέμον
185 3427 261 3481 ΑΒω
307 3432 342 3481 24
356 3421 385 3480 δ’
401 3425 424 3479 Β
439 3424 471 3481 δέ
481 3427 507 3481 R
520 3427 528 3516 ῆ
543 3424 738 3496 παραδέδοται
747 3423 896 3492 Κίεεελίος,
908 3421 996 3478 Cobet
1006 3421 1026 3476 l
1036 3420 1054 3476 l.

52 3499 230 3563 παραδίδοται
250 3497 272 3552 0
346 3502 379 3552 25
399 3514 612 3568 συγχωρησάντι
630 3497 653 3550 Β
672 3497 851 3567 συγχωρῆσαι
869 3509 892 3547 ο.
911 3491 1057 3564 Kiesshng

840 3579 895 3635 10*
