<?xml version="1.0" encoding="UTF-8"?>
<!DOCTYPE html PUBLIC "-//W3C//DTD XHTML 1.0 Transitional//EN"
    "http://www.w3.org/TR/xhtml1/DTD/xhtml1-transitional.dtd">
<html xmlns="http://www.w3.org/1999/xhtml" xml:lang="en" lang="en">
 <head>
  <title>
</title>
<meta http-equiv="Content-Type" content="text/html;charset=utf-8" />
  <meta name='ocr-system' content='tesseract 3.04.00' />
  <meta name='ocr-capabilities' content='ocr_page ocr_carea ocr_par ocr_line ocrx_word'/>
</head>
<body>
  <div class='ocr_page' id='page_1' title='image "./antiquitatumrom00jacogoog_0290.png"; bbox 0 0 2408 3928; ppageno 0'>
   <div class='ocr_carea' id='block_1_1' title="bbox 139 207 734 276">
    <p class='ocr_par' dir='ltr' id='par_1_1' title="bbox 139 207 734 276">
     <span class='ocr_line' id='line_1_1' title="bbox 139 207 734 276; baseline -0.015 -1"><span class='ocrx_word' id='word_1_1' title='bbox 139 207 206 276; x_wconf 76' lang='grc'><strong><em>276</em></strong></span> <span class='ocrx_word' id='word_1_2' title='bbox 565 213 734 266; x_wconf 79' lang='lat' dir='ltr'><strong><em>-r-</em></strong></span> 
     </span>
    </p>
   </div>
   <div class='ocr_carea' id='block_1_2' title="bbox 42 364 1198 3128">
    <p class='ocr_par' dir='ltr' id='par_1_2' title="bbox 42 364 1198 3128">
     <span class='ocr_line' id='line_1_2' title="bbox 139 364 1142 458; baseline -0.003 -18"><span class='ocrx_word' id='word_1_3' title='bbox 139 367 202 456; x_wconf 91' lang='grc' dir='ltr'><strong><em>γὸν</em></strong></span> <span class='ocrx_word' id='word_1_4' title='bbox 226 369 281 438; x_wconf 78' lang='grc' dir='ltr'><strong><em>καὶ</em></strong></span> <span class='ocrx_word' id='word_1_5' title='bbox 304 364 370 439; x_wconf 85' lang='grc' dir='ltr'><strong><em>ἀπὸ</em></strong></span> <span class='ocrx_word' id='word_1_6' title='bbox 393 369 520 451; x_wconf 83' lang='grc' dir='ltr'><strong><em>παντὸς</em></strong></span> <span class='ocrx_word' id='word_1_7' title='bbox 546 373 609 440; x_wconf 82' lang='grc' dir='ltr'><strong><em>τοῦ</em></strong></span> <span class='ocrx_word' id='word_1_8' title='bbox 631 375 808 458; x_wconf 79' lang='grc' dir='ltr'><strong><em>βελτίστου</em></strong></span> <span class='ocrx_word' id='word_1_9' title='bbox 833 376 991 458; x_wconf 87' lang='grc' dir='ltr'><strong><em>κρίνουσι</em></strong></span> <span class='ocrx_word' id='word_1_10' title='bbox 1013 368 1052 440; x_wconf 87' lang='grc' dir='ltr'><strong><em>τὸ</em></strong></span> <span class='ocrx_word' id='word_1_11' title='bbox 1077 389 1142 456; x_wconf 90' lang='grc' dir='ltr'><strong><em>συμ-</em></strong></span> 
     </span>
     <span class='ocr_line' id='line_1_3' title="bbox 139 475 1198 576; baseline -0.002 -30"><span class='ocrx_word' id='word_1_12' title='bbox 139 475 283 565; x_wconf 90' lang='grc' dir='ltr'><strong><em>βεβηκὸς</em></strong></span> <span class='ocrx_word' id='word_1_13' title='bbox 311 476 387 547; x_wconf 84' lang='grc' dir='ltr'><strong><em>ούτε</em></strong></span> <span class='ocrx_word' id='word_1_14' title='bbox 414 475 435 565; x_wconf 87' lang='grc' dir='ltr'><strong><em>ῆ</em></strong></span> <span class='ocrx_word' id='word_1_15' title='bbox 465 483 545 548; x_wconf 80' lang='grc' dir='ltr'><strong><em>θεία</em></strong></span> <span class='ocrx_word' id='word_1_16' title='bbox 572 480 708 567; x_wconf 78' lang='grc' dir='ltr'><strong><em>νέμεσις</em></strong></span> <span class='ocrx_word' id='word_1_17' title='bbox 739 478 817 549; x_wconf 84' lang='grc' dir='ltr'><strong><em>ούτε</em></strong></span> <span class='ocrx_word' id='word_1_18' title='bbox 845 475 863 548; x_wconf 86' lang='grc' dir='ltr'>ὁ</span> <span class='ocrx_word' id='word_1_19' title='bbox 892 489 962 548; x_wconf 77' lang='grc' dir='ltr'><strong><em>τῶν</em></strong></span> <span class='ocrx_word' id='word_1_20' title='bbox 988 476 1143 546; x_wconf 79' lang='grc' dir='ltr'><strong><em>ἀντιπολι</em></strong></span> <span class='ocrx_word' id='word_1_21' title='bbox 1196 521 1198 576; x_wconf 60' lang='lat'>3</span> 
     </span>
     <span class='ocr_line' id='line_1_4' title="bbox 139 583 1198 675; baseline -0.004 -19"><span class='ocrx_word' id='word_1_22' title='bbox 139 587 333 673; x_wconf 84' lang='grc' dir='ltr'><strong><em>πενομένων</em></strong></span> <span class='ocrx_word' id='word_1_23' title='bbox 361 584 497 672; x_wconf 76' lang='grc' dir='ltr'><strong><em>φθόνος</em></strong></span> <span class='ocrx_word' id='word_1_24' title='bbox 525 583 604 654; x_wconf 74' lang='grc' dir='ltr'><strong><em>οὔθ’</em></strong></span> <span class='ocrx_word' id='word_1_25' title='bbox 630 583 652 672; x_wconf 89' lang='grc' dir='ltr'><strong><em>ῆ</em></strong></span> <span class='ocrx_word' id='word_1_26' title='bbox 681 589 750 655; x_wconf 78' lang='grc' dir='ltr'><strong><em>τῶν</em></strong></span> <span class='ocrx_word' id='word_1_27' title='bbox 776 585 983 675; x_wconf 75' lang='grc' dir='ltr'><strong><em>πραγμάτων</em></strong></span> <span class='ocrx_word' id='word_1_28' title='bbox 1006 583 1144 672; x_wconf 80' lang='grc' dir='ltr'><strong><em>ἀπέγνω</em></strong></span> <span class='ocrx_word' id='word_1_29' title='bbox 1197 627 1198 638; x_wconf 48' lang='lat'>1</span> 
     </span>
     <span class='ocr_line' id='line_1_5' title="bbox 140 689 1198 794; baseline -0.002 -33"><span class='ocrx_word' id='word_1_30' title='bbox 140 712 194 773; x_wconf 89' lang='grc' dir='ltr'><strong><em>σις</em></strong></span> <span class='ocrx_word' id='word_1_31' title='bbox 216 691 421 782; x_wconf 74' lang='grc' dir='ltr'><strong><em>ἀνῃρηκέναι</em></strong></span> <span class='ocrx_word' id='word_1_32' title='bbox 441 689 503 761; x_wconf 90' lang='grc' dir='ltr'><strong><em>τὸν</em></strong></span> <span class='ocrx_word' id='word_1_33' title='bbox 526 690 639 780; x_wconf 85' lang='grc' dir='ltr'><strong><em>ἀνδρα</em></strong></span> <span class='ocrx_word' id='word_1_34' title='bbox 661 691 783 779; x_wconf 80' lang='grc' dir='ltr'><strong><em>ἐδόκει,</em></strong></span> <span class='ocrx_word' id='word_1_35' title='bbox 805 691 878 760; x_wconf 86' lang='grc' dir='ltr'><strong><em>ἀλλ’</em></strong></span> <span class='ocrx_word' id='word_1_36' title='bbox 900 691 921 780; x_wconf 87' lang='grc' dir='ltr'><strong><em>ῆ</em></strong></span> <span class='ocrx_word' id='word_1_37' title='bbox 944 695 1004 780; x_wconf 89' lang='grc' dir='ltr'><strong><em>τῆς</em></strong></span> <span class='ocrx_word' id='word_1_38' title='bbox 1026 692 1144 779; x_wconf 88' lang='grc' dir='ltr'><strong><em>φύσεος</em></strong></span> <span class='ocrx_word' id='word_1_39' title='bbox 1196 734 1198 794; x_wconf 58' lang='grc' dir='ltr'><strong><em>γ</em></strong></span> 
     </span>
     <span class='ocr_line' id='line_1_6' title="bbox 100 796 1145 889; baseline 0.001 -23"><span class='ocrx_word' id='word_1_40' title='bbox 100 823 114 866; x_wconf 83' lang='grc' dir='ltr'><strong><em>ε</em></strong></span> <span class='ocrx_word' id='word_1_41' title='bbox 141 797 271 886; x_wconf 87' lang='grc' dir='ltr'><strong><em>ἀνάγκη</em></strong></span> <span class='ocrx_word' id='word_1_42' title='bbox 299 799 355 868; x_wconf 79' lang='grc' dir='ltr'><strong><em>καὶ</em></strong></span> <span class='ocrx_word' id='word_1_43' title='bbox 382 796 421 867; x_wconf 91' lang='grc' dir='ltr'><strong><em>τὸ</em></strong></span> <span class='ocrx_word' id='word_1_44' title='bbox 449 796 558 886; x_wconf 75' lang='grc' dir='ltr'><strong><em>χρεὼν</em></strong></span> <span class='ocrx_word' id='word_1_45' title='bbox 588 796 634 879; x_wconf 75' lang='grc' dir='ltr'><strong><em>ὡς</em></strong></span> <span class='ocrx_word' id='word_1_46' title='bbox 665 799 941 889; x_wconf 76' lang='grc' dir='ltr'><strong><em>ἐκπεπληρωκότα</em></strong></span> <span class='ocrx_word' id='word_1_47' title='bbox 972 797 1035 886; x_wconf 87' lang='grc' dir='ltr'><strong><em>τῆν</em></strong></span> <span class='ocrx_word' id='word_1_48' title='bbox 1070 798 1145 885; x_wconf 87' lang='grc' dir='ltr'><strong><em>ὀφει-</em></strong></span> 
     </span>
     <span class='ocr_line' id='line_1_7' title="bbox 140 896 1198 994; baseline -0.003 -19"><span class='ocrx_word' id='word_1_49' title='bbox 140 907 289 993; x_wconf 88' lang='grc' dir='ltr'><strong><em>λομένην</em></strong></span> <span class='ocrx_word' id='word_1_50' title='bbox 317 918 458 993; x_wconf 79' lang='grc' dir='ltr'><strong><em>μοῖραν,</em></strong></span> <span class='ocrx_word' id='word_1_51' title='bbox 485 896 526 992; x_wconf 88' lang='grc' dir='ltr'><strong><em>ῆς</em></strong></span> <span class='ocrx_word' id='word_1_52' title='bbox 548 902 654 974; x_wconf 74' lang='grc' dir='ltr'><strong><em>ἅπασι</em></strong></span> <span class='ocrx_word' id='word_1_53' title='bbox 679 919 752 986; x_wconf 79' lang='grc' dir='ltr'><strong><em>τοῖς</em></strong></span> <span class='ocrx_word' id='word_1_54' title='bbox 772 908 969 993; x_wconf 81' lang='grc' dir='ltr'><strong><em>γινομένοις</em></strong></span> <span class='ocrx_word' id='word_1_55' title='bbox 989 908 1145 994; x_wconf 85' lang='grc' dir='ltr'><strong><em>πέπρωται</em></strong></span> <span class='ocrx_word' id='word_1_56' title='bbox 1197 941 1198 994; x_wconf 71' lang='lat'>}</span> 
     </span>
     <span class='ocr_line' id='line_1_8' title="bbox 101 1001 1198 1102; baseline 0.004 -26"><span class='ocrx_word' id='word_1_57' title='bbox 101 1011 264 1099; x_wconf 80' lang='grc' dir='ltr'><strong><em>3τυγεῑν.</em></strong></span> <span class='ocrx_word' id='word_1_58' title='bbox 311 1017 471 1092; x_wconf 78' lang='grc' dir='ltr'><strong><em>Κλοίλιος</em></strong></span> <span class='ocrx_word' id='word_1_59' title='bbox 494 1011 557 1099; x_wconf 72' lang='grc' dir='ltr'><strong><em>μέν</em></strong></span> <span class='ocrx_word' id='word_1_60' title='bbox 582 1010 624 1099; x_wconf 88' lang='grc' dir='ltr'><strong><em>δῆ</em></strong></span> <span class='ocrx_word' id='word_1_61' title='bbox 647 1013 729 1102; x_wconf 84' lang='grc' dir='ltr'><strong><em>πρὶν</em></strong></span> <span class='ocrx_word' id='word_1_62' title='bbox 756 1009 777 1102; x_wconf 89' lang='grc' dir='ltr'><strong><em>ῆ</em></strong></span> <span class='ocrx_word' id='word_1_63' title='bbox 800 1027 962 1100; x_wconf 78' lang='grc' dir='ltr'><strong><em>γενναῖον</em></strong></span> <span class='ocrx_word' id='word_1_64' title='bbox 985 1011 1146 1096; x_wconf 85' lang='grc' dir='ltr'><strong><em>ἀποδείξα-</em></strong></span> <span class='ocrx_word' id='word_1_65' title='bbox 1197 1001 1198 1008; x_wconf 28' lang='lat'>¹</span> 
     </span>
     <span class='ocr_line' id='line_1_9' title="bbox 141 1118 1146 1207; baseline -0.003 -17"><span class='ocrx_word' id='word_1_66' title='bbox 141 1125 229 1190; x_wconf 76' lang='grc' dir='ltr'><strong><em>σθαί</em></strong></span> <span class='ocrx_word' id='word_1_67' title='bbox 247 1145 279 1188; x_wconf 91' lang='grc' dir='ltr'><strong><em>τι</em></strong></span> <span class='ocrx_word' id='word_1_68' title='bbox 301 1118 459 1205; x_wconf 83' lang='grc' dir='ltr'><strong><em>τοιαύτης</em></strong></span> <span class='ocrx_word' id='word_1_69' title='bbox 480 1123 636 1207; x_wconf 75' lang='grc' dir='ltr'><strong><em>τελευτῆς</em></strong></span> <span class='ocrx_word' id='word_1_70' title='bbox 658 1123 790 1206; x_wconf 79' lang='grc' dir='ltr'><strong><em>ἔτυχεν,</em></strong></span> <span class='ocrx_word' id='word_1_71' title='bbox 814 1124 862 1200; x_wconf 84' lang='grc' dir='ltr'><strong><em>είς</em></strong></span> <span class='ocrx_word' id='word_1_72' title='bbox 885 1120 924 1189; x_wconf 72' lang='grc' dir='ltr'><strong><em>δὲ</em></strong></span> <span class='ocrx_word' id='word_1_73' title='bbox 943 1119 1005 1190; x_wconf 90' lang='grc' dir='ltr'><strong><em>τὸν</em></strong></span> <span class='ocrx_word' id='word_1_74' title='bbox 1028 1123 1146 1190; x_wconf 81' lang='grc' dir='ltr'><strong><em>ἐκείνου</em></strong></span> 
     </span>
     <span class='ocr_line' id='line_1_10' title="bbox 140 1223 1147 1318; baseline 0.001 -24"><span class='ocrx_word' id='word_1_75' title='bbox 140 1225 247 1294; x_wconf 90' lang='grc' dir='ltr'><strong><em>τόπου</em></strong></span> <span class='ocrx_word' id='word_1_76' title='bbox 274 1223 513 1295; x_wconf 74' lang='grc' dir='ltr'><strong><em>ἀποδείκνυται</em></strong></span> <span class='ocrx_word' id='word_1_77' title='bbox 542 1224 726 1314; x_wconf 88' lang='grc' dir='ltr'><strong><em>στρατηγὸς</em></strong></span> <span class='ocrx_word' id='word_1_78' title='bbox 754 1225 971 1318; x_wconf 83' lang='grc' dir='ltr'><strong><em>αὐτοκράτωρ</em></strong></span> <span class='ocrx_word' id='word_1_79' title='bbox 999 1225 1066 1296; x_wconf 82' lang='grc' dir='ltr'><strong><em>ὑπὸ</em></strong></span> <span class='ocrx_word' id='word_1_80' title='bbox 1095 1231 1147 1296; x_wconf 83' lang='grc' dir='ltr'><strong><em>τάν</em></strong></span> 
     </span>
     <span class='ocr_line' id='line_1_11' title="bbox 102 1333 1147 1424; baseline 0.003 -26"><span class='ocrx_word' id='word_1_81' title='bbox 102 1355 129 1398; x_wconf 81' lang='grc' dir='ltr'><strong><em>ιο</em></strong></span> <span class='ocrx_word' id='word_1_82' title='bbox 142 1334 195 1402; x_wconf 80' lang='grc' dir='ltr'><strong><em>ἐπὶ</em></strong></span> <span class='ocrx_word' id='word_1_83' title='bbox 237 1335 467 1423; x_wconf 89' lang='grc' dir='ltr'><strong><em>στρατοπέδου</em></strong></span> <span class='ocrx_word' id='word_1_84' title='bbox 507 1333 653 1414; x_wconf 78' lang='grc' dir='ltr'><strong><em>Μέττιος</em></strong></span> <span class='ocrx_word' id='word_1_85' title='bbox 692 1336 919 1422; x_wconf 83' lang='grc' dir='ltr'><strong><em>Φουφέττιος,</em></strong></span> <span class='ocrx_word' id='word_1_86' title='bbox 954 1333 1042 1424; x_wconf 84' lang='grc' dir='ltr'><strong><em>ἀνὴρ</em></strong></span> <span class='ocrx_word' id='word_1_87' title='bbox 1088 1333 1147 1403; x_wconf 85' lang='grc' dir='ltr'><strong><em>ούιε</em></strong></span> 
     </span>
     <span class='ocr_line' id='line_1_12' title="bbox 140 1437 1147 1530; baseline 0.001 -22"><span class='ocrx_word' id='word_1_88' title='bbox 140 1441 290 1527; x_wconf 91' lang='grc' dir='ltr'><strong><em>πολέμου</em></strong></span> <span class='ocrx_word' id='word_1_89' title='bbox 312 1437 446 1528; x_wconf 79' lang='grc' dir='ltr'><strong><em>ῆγεμδον</em></strong></span> <span class='ocrx_word' id='word_1_90' title='bbox 470 1437 587 1520; x_wconf 79' lang='grc' dir='ltr'><strong><em>ἱκανὸς</em></strong></span> <span class='ocrx_word' id='word_1_91' title='bbox 615 1438 693 1509; x_wconf 86' lang='grc' dir='ltr'><strong><em>ούτε</em></strong></span> <span class='ocrx_word' id='word_1_92' title='bbox 722 1439 861 1529; x_wconf 79' lang='grc' dir='ltr'><strong><em>εἰρήνης</em></strong></span> <span class='ocrx_word' id='word_1_93' title='bbox 881 1444 1020 1529; x_wconf 86' lang='grc' dir='ltr'><strong><em>βέβαιος</em></strong></span> <span class='ocrx_word' id='word_1_94' title='bbox 1041 1442 1147 1530; x_wconf 83' lang='grc' dir='ltr'><strong><em>φύλαξ,</em></strong></span> 
     </span>
     <span class='ocr_line' id='line_1_13' title="bbox 142 1537 1198 1638; baseline -0.001 -23"><span class='ocrx_word' id='word_1_95' title='bbox 142 1542 179 1626; x_wconf 85' lang='grc' dir='ltr'><strong><em>δς</em></strong></span> <span class='ocrx_word' id='word_1_96' title='bbox 203 1544 344 1627; x_wconf 83' lang='grc' dir='ltr'><strong><em>οὐδενὸς</em></strong></span> <span class='ocrx_word' id='word_1_97' title='bbox 365 1537 468 1634; x_wconf 87' lang='grc' dir='ltr'><strong><em>ῆττον</em></strong></span> <span class='ocrx_word' id='word_1_98' title='bbox 487 1544 663 1634; x_wconf 75' lang='grc' dir='ltr'><strong><em>Ἀλβανῶν</em></strong></span> <span class='ocrx_word' id='word_1_99' title='bbox 686 1546 865 1636; x_wconf 74' lang='grc' dir='ltr'><strong><em>πρόδομος</em></strong></span> <span class='ocrx_word' id='word_1_100' title='bbox 888 1545 937 1617; x_wconf 77' lang='grc' dir='ltr'><strong><em>ὧν</em></strong></span> <span class='ocrx_word' id='word_1_101' title='bbox 961 1547 1033 1618; x_wconf 90' lang='grc' dir='ltr'><strong><em>κατ’</em></strong></span> <span class='ocrx_word' id='word_1_102' title='bbox 1061 1545 1148 1636; x_wconf 80' lang='grc' dir='ltr'><strong><em>ἀρχάς</em></strong></span> <span class='ocrx_word' id='word_1_103' title='bbox 1197 1619 1198 1638; x_wconf 20' lang='lat'>1</span> 
     </span>
     <span class='ocr_line' id='line_1_14' title="bbox 142 1648 1198 1744; baseline 0.001 -24"><span class='ocrx_word' id='word_1_104' title='bbox 142 1657 321 1741; x_wconf 78' lang='grc' dir='ltr'><strong><em>διαστῆσαι</em></strong></span> <span class='ocrx_word' id='word_1_105' title='bbox 348 1651 406 1734; x_wconf 84' lang='grc' dir='ltr'><strong><em>τάς</em></strong></span> <span class='ocrx_word' id='word_1_106' title='bbox 432 1653 546 1734; x_wconf 88' lang='grc' dir='ltr'><strong><em>πόλεις</em></strong></span> <span class='ocrx_word' id='word_1_107' title='bbox 573 1655 629 1721; x_wconf 84' lang='grc' dir='ltr'><strong><em>καὶ</em></strong></span> <span class='ocrx_word' id='word_1_108' title='bbox 657 1651 715 1722; x_wconf 88' lang='grc' dir='ltr'><strong><em>διά</em></strong></span> <span class='ocrx_word' id='word_1_109' title='bbox 741 1657 842 1724; x_wconf 79' lang='grc' dir='ltr'><strong><em>τοῦτο</em></strong></span> <span class='ocrx_word' id='word_1_110' title='bbox 871 1658 930 1743; x_wconf 89' lang='grc' dir='ltr'><strong><em>τῆς</em></strong></span> <span class='ocrx_word' id='word_1_111' title='bbox 952 1654 1060 1744; x_wconf 78' lang='grc' dir='ltr'><strong><em>ἀρχῆς</em></strong></span> <span class='ocrx_word' id='word_1_112' title='bbox 1082 1651 1148 1743; x_wconf 81' lang='grc' dir='ltr'><strong><em>μετὰ</em></strong></span> <span class='ocrx_word' id='word_1_113' title='bbox 1197 1648 1198 1653; x_wconf 30' lang='lat'>¹</span> 
     </span>
     <span class='ocr_line' id='line_1_15' title="bbox 140 1756 1198 1853; baseline -0.009 -26"><span class='ocrx_word' id='word_1_114' title='bbox 140 1756 201 1827; x_wconf 89' lang='grc' dir='ltr'><strong><em>τὸν</em></strong></span> <span class='ocrx_word' id='word_1_115' title='bbox 229 1764 396 1829; x_wconf 87' lang='grc' dir='ltr'><strong><em>Κλοιλίου</em></strong></span> <span class='ocrx_word' id='word_1_116' title='bbox 422 1758 577 1829; x_wconf 74' lang='grc' dir='ltr'><strong><em>θάνατον</em></strong></span> <span class='ocrx_word' id='word_1_117' title='bbox 604 1757 779 1846; x_wconf 81' lang='grc' dir='ltr'><strong><em>ἀξιωθείς,</em></strong></span> <span class='ocrx_word' id='word_1_118' title='bbox 807 1759 922 1851; x_wconf 78' lang='grc' dir='ltr'><strong><em>ἐπειδὴ</em></strong></span> <span class='ocrx_word' id='word_1_119' title='bbox 951 1767 1012 1850; x_wconf 91' lang='grc' dir='ltr'><strong><em>τῆς</em></strong></span> <span class='ocrx_word' id='word_1_120' title='bbox 1038 1761 1198 1853; x_wconf 55' lang='grc' dir='ltr'><strong><em>ῆγεμροι1</em></strong></span> 
     </span>
     <span class='ocr_line' id='line_1_16' title="bbox 102 1859 1149 1959; baseline 0.004 -29"><span class='ocrx_word' id='word_1_121' title='bbox 102 1888 128 1930; x_wconf 77' lang='grc' dir='ltr'><strong><em>τε</em></strong></span> <span class='ocrx_word' id='word_1_122' title='bbox 141 1870 219 1945; x_wconf 87' lang='grc' dir='ltr'><strong><em>νίας</em></strong></span> <span class='ocrx_word' id='word_1_123' title='bbox 241 1871 335 1954; x_wconf 82' lang='grc' dir='ltr'><strong><em>ἔτυχε</em></strong></span> <span class='ocrx_word' id='word_1_124' title='bbox 358 1867 414 1935; x_wconf 84' lang='grc' dir='ltr'><strong><em>καὶ</em></strong></span> <span class='ocrx_word' id='word_1_125' title='bbox 437 1865 501 1935; x_wconf 85' lang='grc' dir='ltr'><strong><em>ὅσα</em></strong></span> <span class='ocrx_word' id='word_1_126' title='bbox 523 1859 568 1953; x_wconf 89' lang='grc' dir='ltr'><strong><em>ῆν</em></strong></span> <span class='ocrx_word' id='word_1_127' title='bbox 591 1868 629 1935; x_wconf 91' lang='grc' dir='ltr'><strong><em>έν</em></strong></span> <span class='ocrx_word' id='word_1_128' title='bbox 652 1881 724 1948; x_wconf 77' lang='grc' dir='ltr'><strong><em>τοῖς</em></strong></span> <span class='ocrx_word' id='word_1_129' title='bbox 740 1866 913 1956; x_wconf 83' lang='grc' dir='ltr'><strong><em>πράγμασι</em></strong></span> <span class='ocrx_word' id='word_1_130' title='bbox 935 1872 1082 1959; x_wconf 79' lang='grc' dir='ltr'><strong><em>δυσχερῆ</em></strong></span> <span class='ocrx_word' id='word_1_131' title='bbox 1104 1869 1149 1936; x_wconf 82' lang='grc' dir='ltr'><strong><em>καὶ</em></strong></span> 
     </span>
     <span class='ocr_line' id='line_1_17' title="bbox 141 1965 1198 2061; baseline 0.004 -22"><span class='ocrx_word' id='word_1_132' title='bbox 141 1971 251 2061; x_wconf 88' lang='grc' dir='ltr'><strong><em>ἀπορα</em></strong></span> <span class='ocrx_word' id='word_1_133' title='bbox 285 1976 457 2058; x_wconf 80' lang='grc' dir='ltr'><strong><em>συνεῖδεν,</em></strong></span> <span class='ocrx_word' id='word_1_134' title='bbox 496 1970 609 2042; x_wconf 90' lang='grc' dir='ltr'><strong><em>ούκέτι</em></strong></span> <span class='ocrx_word' id='word_1_135' title='bbox 645 1975 813 2061; x_wconf 83' lang='grc' dir='ltr'><strong><em>διέμεινεν</em></strong></span> <span class='ocrx_word' id='word_1_136' title='bbox 852 1975 906 2043; x_wconf 79' lang='grc' dir='ltr'><strong><em>ἐπὶ</em></strong></span> <span class='ocrx_word' id='word_1_137' title='bbox 941 1989 1013 2056; x_wconf 83' lang='grc' dir='ltr'><strong><em>τοῖς</em></strong></span> <span class='ocrx_word' id='word_1_138' title='bbox 1049 1974 1151 2054; x_wconf 87' lang='grc' dir='ltr'><strong><em>αύτοίς</em></strong></span> <span class='ocrx_word' id='word_1_139' title='bbox 1194 1965 1198 2050; x_wconf 48' lang='lat' dir='ltr'><strong><em>s</em></strong></span> 
     </span>
     <span class='ocr_line' id='line_1_18' title="bbox 142 2076 1198 2170; baseline 0.001 -23"><span class='ocrx_word' id='word_1_140' title='bbox 142 2079 389 2166; x_wconf 81' lang='grc' dir='ltr'><strong><em>βουλεύμασιν,</em></strong></span> <span class='ocrx_word' id='word_1_141' title='bbox 416 2076 490 2148; x_wconf 89' lang='grc' dir='ltr'><strong><em>ἀλλ’</em></strong></span> <span class='ocrx_word' id='word_1_142' title='bbox 517 2084 565 2160; x_wconf 85' lang='grc' dir='ltr'><strong><em>εἰς</em></strong></span> <span class='ocrx_word' id='word_1_143' title='bbox 592 2077 764 2167; x_wconf 83' lang='grc' dir='ltr'><strong><em>ἀναβολάς</em></strong></span> <span class='ocrx_word' id='word_1_144' title='bbox 789 2082 846 2150; x_wconf 80' lang='grc' dir='ltr'><strong><em>καὶ</em></strong></span> <span class='ocrx_word' id='word_1_145' title='bbox 870 2081 1044 2170; x_wconf 83' lang='grc' dir='ltr'><strong><em>διατριβάς</em></strong></span> <span class='ocrx_word' id='word_1_146' title='bbox 1065 2081 1149 2168; x_wconf 86' lang='grc' dir='ltr'><strong><em>ἀγειν</em></strong></span> <span class='ocrx_word' id='word_1_147' title='bbox 1197 2079 1198 2156; x_wconf 67' lang='lat' dir='ltr'>J</span> 
     </span>
     <span class='ocr_line' id='line_1_19' title="bbox 141 2182 1198 2276; baseline 0.003 -23"><span class='ocrx_word' id='word_1_148' title='bbox 141 2183 240 2273; x_wconf 82' lang='grc' dir='ltr'><strong><em>ἠξίου</em></strong></span> <span class='ocrx_word' id='word_1_149' title='bbox 262 2184 302 2254; x_wconf 84' lang='grc' dir='ltr'><strong><em>τά</em></strong></span> <span class='ocrx_word' id='word_1_150' title='bbox 325 2185 502 2275; x_wconf 86' lang='grc' dir='ltr'><strong><em>πράγματα</em></strong></span> <span class='ocrx_word' id='word_1_151' title='bbox 526 2183 618 2274; x_wconf 75' lang='grc' dir='ltr'><strong><em>ὁροῖιυ</em></strong></span> <span class='ocrx_word' id='word_1_152' title='bbox 642 2185 718 2255; x_wconf 78' lang='grc' dir='ltr'><strong><em>οὔτε</em></strong></span> <span class='ocrx_word' id='word_1_153' title='bbox 745 2185 825 2268; x_wconf 85' lang='grc' dir='ltr'><strong><em>τούς</em></strong></span> <span class='ocrx_word' id='word_1_154' title='bbox 845 2186 1030 2276; x_wconf 80' lang='grc' dir='ltr'><strong><em>Ἀλβανούς</em></strong></span> <span class='ocrx_word' id='word_1_155' title='bbox 1057 2187 1151 2257; x_wconf 86' lang='grc' dir='ltr'><strong><em>ἀπαυ-</em></strong></span> <span class='ocrx_word' id='word_1_156' title='bbox 1197 2182 1198 2190; x_wconf 35' lang='lat'>¹</span> 
     </span>
     <span class='ocr_line' id='line_1_20' title="bbox 141 2289 1149 2385; baseline -0.001 -22"><span class='ocrx_word' id='word_1_157' title='bbox 141 2318 201 2372; x_wconf 86' lang='grc' dir='ltr'><strong><em>τας</em></strong></span> <span class='ocrx_word' id='word_1_158' title='bbox 224 2289 346 2381; x_wconf 89' lang='grc' dir='ltr'><strong><em>ὁμοίαν</em></strong></span> <span class='ocrx_word' id='word_1_159' title='bbox 370 2299 507 2382; x_wconf 82' lang='grc' dir='ltr'><strong><em>ἔχοντας</em></strong></span> <span class='ocrx_word' id='word_1_160' title='bbox 531 2297 579 2361; x_wconf 72' lang='grc' dir='ltr'><strong><em>ἔτι</em></strong></span> <span class='ocrx_word' id='word_1_161' title='bbox 597 2298 796 2380; x_wconf 84' lang='grc' dir='ltr'><strong><em>προθυμίαν</em></strong></span> <span class='ocrx_word' id='word_1_162' title='bbox 814 2292 899 2382; x_wconf 86' lang='grc' dir='ltr'><strong><em>πρὸς</em></strong></span> <span class='ocrx_word' id='word_1_163' title='bbox 916 2296 1065 2385; x_wconf 87' lang='grc' dir='ltr'><strong><em>πόλεμον</em></strong></span> <span class='ocrx_word' id='word_1_164' title='bbox 1083 2294 1149 2364; x_wconf 86' lang='grc' dir='ltr'><strong><em>ούιε</em></strong></span> 
     </span>
     <span class='ocr_line' id='line_1_21' title="bbox 104 2397 1150 2491; baseline -0.002 -21"><span class='ocrx_word' id='word_1_165' title='bbox 104 2398 184 2470; x_wconf 80' lang='grc' dir='ltr'><strong><em>εοτά</em></strong></span> <span class='ocrx_word' id='word_1_166' title='bbox 209 2399 338 2488; x_wconf 87' lang='grc' dir='ltr'><strong><em>σφάγια</em></strong></span> <span class='ocrx_word' id='word_1_167' title='bbox 366 2397 466 2470; x_wconf 81' lang='grc' dir='ltr'><strong><em>ὁπότε</em></strong></span> <span class='ocrx_word' id='word_1_168' title='bbox 493 2397 616 2468; x_wconf 79' lang='grc' dir='ltr'><strong><em>θύοιτο</em></strong></span> <span class='ocrx_word' id='word_1_169' title='bbox 644 2399 722 2487; x_wconf 81' lang='grc' dir='ltr'><strong><em>περὶ</em></strong></span> <span class='ocrx_word' id='word_1_170' title='bbox 749 2398 856 2488; x_wconf 83' lang='grc' dir='ltr'><strong><em>μάχης</em></strong></span> <span class='ocrx_word' id='word_1_171' title='bbox 877 2401 963 2470; x_wconf 84' lang='grc' dir='ltr'><strong><em>καλά</em></strong></span> <span class='ocrx_word' id='word_1_172' title='bbox 985 2403 1150 2491; x_wconf 87' lang='grc' dir='ltr'><strong><em>γινόμενα·</em></strong></span> 
     </span>
     <span class='ocr_line' id='line_1_22' title="bbox 42 2493 1198 2598; baseline -0.001 -23"><span class='ocrx_word' id='word_1_173' title='bbox 42 2593 43 2596; x_wconf 9' lang='lat'>¹</span> <span class='ocrx_word' id='word_1_174' title='bbox 102 2512 306 2576; x_wconf 77' lang='grc' dir='ltr'><strong><em>4τελευιο5ν</em></strong></span> <span class='ocrx_word' id='word_1_175' title='bbox 341 2507 378 2576; x_wconf 74' lang='grc' dir='ltr'><strong><em>δὲ</em></strong></span> <span class='ocrx_word' id='word_1_176' title='bbox 409 2507 466 2575; x_wconf 84' lang='grc' dir='ltr'><strong><em>καὶ</em></strong></span> <span class='ocrx_word' id='word_1_177' title='bbox 494 2510 541 2585; x_wconf 83' lang='grc' dir='ltr'><strong><em>είς</em></strong></span> <span class='ocrx_word' id='word_1_178' title='bbox 568 2500 776 2592; x_wconf 82' lang='grc' dir='ltr'><strong><em>καταλλαγάς</em></strong></span> <span class='ocrx_word' id='word_1_179' title='bbox 804 2511 890 2592; x_wconf 84' lang='grc' dir='ltr'><strong><em>ἔγνω</em></strong></span> <span class='ocrx_word' id='word_1_180' title='bbox 918 2517 1151 2598; x_wconf 74' lang='grc' dir='ltr'><strong><em>προκαλεῖσθαι</em></strong></span> <span class='ocrx_word' id='word_1_181' title='bbox 1197 2493 1198 2498; x_wconf 23' lang='lat'>¹</span> 
     </span>
     <span class='ocr_line' id='line_1_23' title="bbox 142 2609 1150 2703; baseline 0.001 -23"><span class='ocrx_word' id='word_1_182' title='bbox 142 2609 221 2692; x_wconf 83' lang='grc' dir='ltr'><strong><em>τούς</em></strong></span> <span class='ocrx_word' id='word_1_183' title='bbox 249 2619 430 2700; x_wconf 88' lang='grc' dir='ltr'><strong><em>πολεμίους</em></strong></span> <span class='ocrx_word' id='word_1_184' title='bbox 457 2611 620 2698; x_wconf 89' lang='grc' dir='ltr'><strong><em>πρότερος</em></strong></span> <span class='ocrx_word' id='word_1_185' title='bbox 650 2613 1012 2702; x_wconf 79' lang='grc' dir='ltr'><strong><em>ἐπικηρυκευσάμενος,</em></strong></span> <span class='ocrx_word' id='word_1_186' title='bbox 1039 2612 1150 2703; x_wconf 76' lang='grc' dir='ltr'><strong><em>μαθων</em></strong></span> 
     </span>
     <span class='ocr_line' id='line_1_24' title="bbox 142 2715 1151 2810; baseline 0.001 -24"><span class='ocrx_word' id='word_1_187' title='bbox 142 2716 204 2786; x_wconf 88' lang='grc' dir='ltr'><strong><em>τὸν</em></strong></span> <span class='ocrx_word' id='word_1_188' title='bbox 228 2719 494 2807; x_wconf 79' lang='grc' dir='ltr'><strong><em>ἐπικρεμάμενον</em></strong></span> <span class='ocrx_word' id='word_1_189' title='bbox 518 2720 647 2800; x_wconf 76' lang='grc' dir='ltr'><strong><em>ἔξωθεν</em></strong></span> <span class='ocrx_word' id='word_1_190' title='bbox 663 2715 838 2804; x_wconf 74' lang='grc' dir='ltr'><strong><em>Ἀλβανυίς</em></strong></span> <span class='ocrx_word' id='word_1_191' title='bbox 858 2746 894 2788; x_wconf 89' lang='grc' dir='ltr'><strong><em>τε</em></strong></span> <span class='ocrx_word' id='word_1_192' title='bbox 917 2723 974 2790; x_wconf 81' lang='grc' dir='ltr'><strong><em>καὶ</em></strong></span> <span class='ocrx_word' id='word_1_193' title='bbox 987 2719 1151 2810; x_wconf 84' lang='grc' dir='ltr'><strong><em>Ῥωμαίοις</em></strong></span> 
     </span>
     <span class='ocr_line' id='line_1_25' title="bbox 143 2822 1149 2915; baseline 0 -21"><span class='ocrx_word' id='word_1_194' title='bbox 143 2828 320 2910; x_wconf 87' lang='grc' dir='ltr'><strong><em>κίνδυνον,</em></strong></span> <span class='ocrx_word' id='word_1_195' title='bbox 343 2831 375 2894; x_wconf 85' lang='grc' dir='ltr'><strong><em>εί</em></strong></span> <span class='ocrx_word' id='word_1_196' title='bbox 396 2824 440 2914; x_wconf 88' lang='grc' dir='ltr'><strong><em>μῆ</em></strong></span> <span class='ocrx_word' id='word_1_197' title='bbox 465 2830 659 2894; x_wconf 85' lang='grc' dir='ltr'><strong><em>σπείσονται</em></strong></span> <span class='ocrx_word' id='word_1_198' title='bbox 681 2822 742 2893; x_wconf 87' lang='grc' dir='ltr'><strong><em>τὸν</em></strong></span> <span class='ocrx_word' id='word_1_199' title='bbox 765 2823 849 2914; x_wconf 87' lang='grc' dir='ltr'><strong><em>πρὸς</em></strong></span> <span class='ocrx_word' id='word_1_200' title='bbox 876 2825 1043 2915; x_wconf 78' lang='grc' dir='ltr'><strong><em>ἀλλήλους</em></strong></span> <span class='ocrx_word' id='word_1_201' title='bbox 1063 2827 1149 2896; x_wconf 85' lang='grc' dir='ltr'><strong><em>πόλε-</em></strong></span> 
     </span>
     <span class='ocr_line' id='line_1_26' title="bbox 103 2929 1150 3022; baseline -0.004 -18"><span class='ocrx_word' id='word_1_202' title='bbox 103 2961 130 3004; x_wconf 80' lang='lat'><strong><em>25</em></strong></span> <span class='ocrx_word' id='word_1_203' title='bbox 145 2959 221 3020; x_wconf 91' lang='grc' dir='ltr'><strong><em>μου,</em></strong></span> <span class='ocrx_word' id='word_1_204' title='bbox 245 2929 440 3019; x_wconf 89' lang='grc' dir='ltr'><strong><em>ἀφύλακτον</em></strong></span> <span class='ocrx_word' id='word_1_205' title='bbox 464 2931 557 3020; x_wconf 78' lang='grc' dir='ltr'><strong><em>ὄντα,</em></strong></span> <span class='ocrx_word' id='word_1_206' title='bbox 583 2929 621 3012; x_wconf 79' lang='grc' dir='ltr'><strong><em>ὃς</em></strong></span> <span class='ocrx_word' id='word_1_207' title='bbox 644 2936 781 3018; x_wconf 78' lang='grc' dir='ltr'><strong><em>ἔμελλεν</em></strong></span> <span class='ocrx_word' id='word_1_208' title='bbox 799 2930 991 3021; x_wconf 85' lang='grc' dir='ltr'><strong><em>ἀμφοτέρας</em></strong></span> <span class='ocrx_word' id='word_1_209' title='bbox 1013 2933 1150 3022; x_wconf 89' lang='grc' dir='ltr'><strong><em>ἀναρπά-</em></strong></span> 
     </span>
     <span class='ocr_line' id='line_1_27' title="bbox 144 3031 862 3128; baseline -0.003 -20"><span class='ocrx_word' id='word_1_210' title='bbox 144 3048 271 3108; x_wconf 76' lang='grc' dir='ltr'><strong><em>σασθαι</em></strong></span> <span class='ocrx_word' id='word_1_211' title='bbox 293 3036 352 3118; x_wconf 83' lang='grc' dir='ltr'><strong><em>τὰς</em></strong></span> <span class='ocrx_word' id='word_1_212' title='bbox 376 3037 545 3126; x_wconf 85' lang='grc' dir='ltr'><strong><em>δυνάμεις.</em></strong></span> <span class='ocrx_word' id='word_1_213' title='bbox 590 3031 634 3128; x_wconf 88' lang='grc' dir='ltr'><strong><em>ῆν</em></strong></span> <span class='ocrx_word' id='word_1_214' title='bbox 658 3037 696 3106; x_wconf 69' lang='grc' dir='ltr'><strong><em>δὲ</em></strong></span> <span class='ocrx_word' id='word_1_215' title='bbox 718 3036 862 3118; x_wconf 85' lang='grc' dir='ltr'><strong><em>τοιόςδε·</em></strong></span> 
     </span>
    </p>
   </div>
   <div class='ocr_carea' id='block_1_3' title="bbox 147 3253 1148 3404">
    <p class='ocr_par' dir='ltr' id='par_1_3' title="bbox 147 3253 1148 3404">
     <span class='ocr_line' id='line_1_28' title="bbox 218 3253 1147 3353; baseline -0.011 -23"><span class='ocrx_word' id='word_1_216' title='bbox 218 3253 361 3338; x_wconf 61' lang='grc' dir='ltr'><strong><em>θύελοῖε</em></strong></span> <span class='ocrx_word' id='word_1_217' title='bbox 379 3271 404 3321; x_wconf 88' lang='lat' dir='ltr'>A</span> <span class='ocrx_word' id='word_1_218' title='bbox 421 3271 424 3335; x_wconf 96' lang='grc' dir='ltr'>Ι</span> <span class='ocrx_word' id='word_1_219' title='bbox 441 3267 615 3353; x_wconf 65' lang='grc' dir='ltr'><strong><em>πνιγομένοις</em></strong></span> <span class='ocrx_word' id='word_1_220' title='bbox 633 3268 658 3321; x_wconf 89' lang='grc' dir='ltr'><strong>Α</strong></span> <span class='ocrx_word' id='word_1_221' title='bbox 732 3275 747 3326; x_wconf 77' lang='grc'><strong>7</strong></span> <span class='ocrx_word' id='word_1_222' title='bbox 766 3266 979 3338; x_wconf 70' lang='grc' dir='ltr'><strong><em>ἀποδείξασθαι</em></strong></span> <span class='ocrx_word' id='word_1_223' title='bbox 997 3273 1069 3327; x_wconf 79' lang='grc' dir='ltr'><strong><em>ΑΒε</em></strong></span> <span class='ocrx_word' id='word_1_224' title='bbox 1093 3265 1147 3350; x_wconf 72' lang='grc' dir='ltr'><strong><em>ξτε-</em></strong></span> 
     </span>
     <span class='ocr_line' id='line_1_29' title="bbox 147 3337 1148 3404; baseline -0.002 -12"><span class='ocrx_word' id='word_1_225' title='bbox 147 3339 299 3402; x_wconf 71' lang='grc' dir='ltr'><strong><em>δείξαοβαι</em></strong></span> <span class='ocrx_word' id='word_1_226' title='bbox 326 3337 372 3390; x_wconf 93' lang='lat' dir='ltr'><strong><em>Bb</em></strong></span> <span class='ocrx_word' id='word_1_227' title='bbox 455 3342 488 3390; x_wconf 77' lang='lat'><strong><em>12</em></strong></span> <span class='ocrx_word' id='word_1_228' title='bbox 515 3356 608 3404; x_wconf 87' lang='grc' dir='ltr'><strong><em>ηττων</em></strong></span> <span class='ocrx_word' id='word_1_229' title='bbox 634 3339 680 3393; x_wconf 84' lang='grc' dir='ltr'><strong><em>Βο</em></strong></span> <span class='ocrx_word' id='word_1_230' title='bbox 762 3346 796 3396; x_wconf 79' lang='lat'><strong><em>24</em></strong></span> <span class='ocrx_word' id='word_1_231' title='bbox 820 3345 990 3397; x_wconf 78' lang='grc' dir='ltr'><strong><em>σπείσονται</em></strong></span> <span class='ocrx_word' id='word_1_232' title='bbox 1013 3339 1148 3398; x_wconf 78' lang='lat' dir='ltr'>0.Re1ske</span> 
     </span>
    </p>
   </div>
   <div class='ocr_carea' id='block_1_4' title="bbox 146 3401 1147 3542">
    <p class='ocr_par' dir='ltr' id='par_1_4' title="bbox 146 3401 1147 3542">
     <span class='ocr_line' id='line_1_30' title="bbox 146 3401 1147 3528; baseline 0.008 -72"><span class='ocrx_word' id='word_1_233' title='bbox 146 3401 331 3528; x_wconf 51' lang='grc' dir='ltr'><strong><em>ἒῖὴιξρυόιρρν</em></strong></span> <span class='ocrx_word' id='word_1_234' title='bbox 351 3421 374 3459; x_wconf 84' lang='lat'><strong><em>0.</em></strong></span> <span class='ocrx_word' id='word_1_235' title='bbox 381 3404 491 3527; x_wconf 50' lang='lat' dir='ltr'><strong><em>5Isseiske</em></strong></span> <span class='ocrx_word' id='word_1_236' title='bbox 507 3407 512 3474; x_wconf 82' lang='lat'>1</span> <span class='ocrx_word' id='word_1_237' title='bbox 528 3401 748 3475; x_wconf 78' lang='grc' dir='ltr'><strong><em>ἀναρπάσεσθαι</em></strong></span> <span class='ocrx_word' id='word_1_238' title='bbox 762 3411 891 3469; x_wconf 78' lang='lat' dir='ltr'>Hertlein</span> <span class='ocrx_word' id='word_1_239' title='bbox 904 3413 1055 3470; x_wconf 81' lang='lat' dir='ltr'>HermesX</span> <span class='ocrx_word' id='word_1_240' title='bbox 1066 3431 1090 3482; x_wconf 86' lang='lat' dir='ltr'><strong><em>p.</em></strong></span> <span class='ocrx_word' id='word_1_241' title='bbox 1099 3414 1147 3464; x_wconf 76' lang='lat'><strong><em>411</em></strong></span> 
     </span>
     <span class='ocr_line' id='line_1_31' title="bbox 314 3493 366 3542; baseline -0.019 -14"><span class='ocrx_word' id='word_1_242' title='bbox 314 3516 320 3528; x_wconf 89' lang='lat'>.</span> <span class='ocrx_word' id='word_1_243' title='bbox 338 3493 366 3542; x_wconf 89' lang='lat' dir='ltr'><strong><em>p.</em></strong></span> 
     </span>
    </p>
   </div>
   <div class='ocr_carea' id='block_1_5' title="bbox 0 0 1214 3928">
    <p class='ocr_par' dir='ltr' id='par_1_5' title="bbox 0 0 1214 3928">
     <span class='ocr_line' id='line_1_32' title="bbox 0 0 1214 3928; baseline 0 0"><span class='ocrx_word' id='word_1_244' title='bbox 0 0 1214 3928; x_wconf 95' lang='lat' dir='ltr'><strong><em> </em></strong></span> 
     </span>
    </p>
   </div>
  </div>
 </body>
</html>
