2396 3918
469 212 633 265 ..Β-

61 371 205 458 δικάζειν,
233 369 274 440 τά
302 368 335 439 δ’
360 371 521 440 ἐλάττονα
548 385 619 452 τοῖς
645 377 844 458 βουλευταῖς
872 371 1058 456 ἐπιτρέπειν

59 477 301 566 προνοούμενον
337 483 396 548 ’ίνα
432 479 538 566 μηδὲν
571 485 727 567 γίγνηται
762 479 839 565 περὶ
874 475 933 558 τὰς
965 481 1060 556 δίκας

59 588 241 674 πλημμελές,
263 585 395 673 βουλήν
418 613 454 655 τε
479 586 642 672 συνάγειν
665 587 721 654 καλ
745 589 855 674 δῆμον
878 591 1059 671 συγκαλεῖν

58 693 103 760 καλ
130 691 269 781 γνώμης
302 691 419 781 άρχειν
453 693 510 761 καὶ
546 691 587 761 τὰ
623 692 769 774 δόξαντα
804 705 875 772 τοῖς
906 696 1060 760 πλείοσιν

38 799 216 868 ιίπιτελεϊν.
261 803 366 869 ταῦτα
394 799 456 887 μὲν
484 796 635 869 ἀπέδωκε
667 806 800 887 βασιλεῖ
828 797 869 870 τά
896 801 977 886 γέρα
1004 798 1060 866 καὶ
1088 824 1101 864 ε

59 909 97 972 ἔτι
117 903 201 994 πρὸς
223 905 356 986 τούτοις
373 904 559 994 ἡγεμονίαν
581 911 669 994 ἔχειν
688 904 918 994 αὐτοκράτορα
941 907 979 973 έν
1001 929 1061 974 πο-

59 1015 144 1104 λίμφ.
183 1016 230 1105 τῷ
255 1013 293 1082 δὲ
316 1017 484 1105 συνεδρίῳ
512 1016 572 1100 τῆς
597 1018 724 1102 βουλῆς
751 1010 852 1102 τιμὴν
879 1013 935 1106 καὶ
958 1003 1101 1081 δυνά-2

61 1125 160 1189 στείαν
184 1119 332 1208 ἀνέθηκε
358 1120 511 1190 τοιάνδε·
542 1122 619 1208 περὶ
646 1119 771 1201 παντὸς
802 1119 883 1190 ὅτου
906 1115 949 1188 άν
973 1125 1061 1205 εἰση-

62 1229 143 1312 γῆται
165 1224 324 1314 βασιλεὺς
347 1226 584 1314 διαγινώσκειν
606 1229 716 1297 τεκαὶ
739 1232 857 1315 ψῆφον
878 1229 1062 1316 ἐπιφέρειν,

59 1333 102 1400 καὶ
130 1331 149 1402 ὅ
172 1360 204 1401 τι
233 1330 277 1402 διν
305 1333 386 1423 δόξη
415 1348 486 1414 τοῖς
512 1339 642 1403 πλείοσι
669 1338 770 1403 τοῦτο
794 1338 908 1403 νικάν·
946 1336 981 1402 ἐκ
997 1337 1063 1420 ’τῆς
1077 1358 1102 1398 10

59 1445 246 1528 Λακωνικῆς
267 1447 435 1521 πολιτείας
457 1442 513 1510 καλ
536 1443 636 1510 τούτο
657 1440 946 1528 μετενεγκάμενος.
982 1438 1062 1508 οὐδὲ

57 1543 112 1635 γάρ
144 1550 178 1616 οί
206 1549 487 1634 Λακεδαιμονίων
518 1554 669 1633 βασιλεῖς
700 1544 943 1636 αὐτοκράτορες
974 1539 1062 1633 ἦσαν

58 1648 127 1722 ὅτι
152 1653 333 1740 βούλοιντο
360 1652 534 1743 πράττειν,
566 1651 640 1723 ἀλλ’
665 1651 687 1741 ἡ
715 1660 876 1743 γερουσία
904 1659 973 1724 πάν
996 1653 1063 1742 εἶχε

57 1763 118 1828 τών
139 1765 265 1830 κοινῶν
288 1758 326 1829 τὸ
350 1759 481 1849 κράτος.
522 1765 568 1853 τῷ
595 1760 632 1828 δέ
655 1764 822 1853 δημοτικῷ
841 1759 965 1847 πλήθει
987 1766 1063 1850 τρία
1082 1767 1103 1831 3

57 1871 152 1936 ταῦτα
180 1870 372 1958 ἐπέτρεψεν·
400 1865 667 1957 ἀρχαιρεσιάζειν
694 1893 730 1935 τε
756 1866 812 1934 καλ
839 1866 968 1954 νόμους
996 1870 1063 1936 ἐπι·
1078 1898 1104 1939 ιε

19 1978 182 2062 λευκυροῦυ
203 1976 260 2044 καλ
282 1976 357 2065 περὶ
375 1976 526 2062 πολέμου
548 1971 797 2061 διαγινώσκειν,
820 1971 903 2043 ὅταν
927 1972 945 2042 ὁ
968 1980 1063 2061 βασι-

58 2078 128 2160 λεύς
148 2083 224 2171 ἔφη,
248 2080 330 2151 οὐδὲ
350 2082 482 2151 τούτων
507 2086 619 2168 έχοντι
641 2079 704 2169 τὴν
728 2081 884 2162 ἐξουσίαν
907 2077 1064 2167 άυεπίλη-

57 2210 144 2273 πτον,
166 2184 209 2258 άν
234 2188 279 2276 μὴ
301 2189 358 2258 καλ
379 2193 420 2278 τῇ
443 2191 551 2278 βουλῇ
569 2185 674 2258 ταύτὰ
695 2192 788 2276 δοκῇ.
829 2193 927 2276 έφερε
946 2186 984 2255 δὲ
1002 2184 1064 2273 τὴν

58 2298 165 2381 ύῆφον
190 2294 252 2384 ούχ
275 2293 344 2384 ἅμα
366 2299 431 2376 πᾶς
454 2292 473 2363 ὁ
498 2298 614 2382 δῆμος,
632 2292 716 2363 ἄλλά
734 2292 817 2363 κατά
837 2292 896 2373 τὰς
914 2292 1067 2381 φράτρας

59 2401 337 2489 συγκαλούμενος·’
363 2400 383 2471 ὅ
405 2428 438 2471 τι
462 2401 500 2470 δὲ
522 2415 594 2480 ταῖς
616 2405 747 2470 πλείοσι
771 2401 878 2482 δόξειε
901 2399 1066 2488 φράτραις
1079 2431 1107 2470 ιο

59 2511 149 2577 τούτο
173 2510 227 2577 έπὶ
249 2507 312 2596 τὴν
336 2507 465 2596 βουλὴν
489 2506 682 2594 ἀνεφέρετο.
720 2506 774 2596 ἐφ’
795 2505 890 2596 ἡμῶν
913 2506 950 2575 δέ
969 2506 1065 2595 μετά-

60 2637 153 2682 κειται
179 2613 218 2684 τὸ
248 2621 341 2696 ἔθος·
380 2613 420 2684 ού
444 2613 509 2704 γὰρ
538 2613 558 2702 ἡ
582 2613 689 2702 βουλὴ
712 2613 927 2702 διαγινώσκει
944 2612 985 2683 τά
1004 2628 1066 2700 φη-

62 2726 219 2804 φισθέντα
250 2719 318 2790 ύτιὸ
351 2727 413 2791 τού
445 2721 571 2809 δήμου,
604 2725 672 2790 τών
700 2718 733 2788 δ’
763 2718 827 2789 ὑπὸ
855 2725 914 2808 τῆς
940 2725 1067 2808 βουλῆς

63 2831 277 2909 γνωσθέντων
307 2825 325 2896 ὁ
358 2828 465 2916 δῆμός
493 2831 563 2896 ἐστι
590 2827 720 2914 κύριος·
752 2827 895 2915 πότερον
929 2826 967 2894 δὲ
998 2830 1066 2896 τών

64 2934 142 3004 ἐθῶν
177 2949 345 3026 κρεῖττον,
378 2938 415 3004 ἐν
451 2939 555 3028 κοινῷ
587 2939 706 3021 τίθημι
738 2948 809 3014 τοῖς
844 2935 1067 3022 βουλομένοις
1081 2963 1107 3004 ιε

66 3058 196 3112 σκοπεῖν.
241 3045 279 3111 έκ
307 3041 345 3110 δὲ
370 3045 431 3130 τῆς
458 3043 652 3130 διαιρέσεως
678 3039 800 3127 ταύτης
828 3039 869 3109 ού
894 3039 1003 3128 μόνον
1026 3038 1108 3109 τά4

66 3148 203 3218 πολιτικὰ
225 3148 403 3238 πράγματα
431 3147 613 3236 σώφρονας
643 3146 809 3235 ἐλάμβανε
835 3147 892 3215 καὶ
914 3146 1067 3234 τεταγμέ-

66 3277 115 3333 νας
135 3255 193 3337 τάς
216 3257 409 3344 διοικήσεις,
432 3253 596 3324 ἀλλὰκαὶ
619 3255 659 3323 τὰ
677 3252 839 3341 πολεμικά
862 3259 994 3339 ταχείας
1011 3253 1067 3321 καλ

127 3493 158 3542 17
170 3486 262 3558 έχοντι
272 3489 298 3542 Α
313 3483 402 3557 έχων.
421 3487 444 3540 Β
487 3491 520 3541 18
535 3485 626 3540 ταῦτα
637 3485 659 3539 Ο
672 3502 741 3540 corr.
753 3481 874 3552 Sylburg
912 3488 944 3536 19
959 3476 1067 3544 άπαςΒ
