2408 3928
461 249 625 302 -B-
983 250 1049 316 245

39 403 97 491 τὴν
128 405 235 492 φύσιν
267 410 361 497 ἰεροῦ
392 413 580 498 κατασκευῇ
611 410 668 478 καί
700 415 838 490 θυσίαις
870 412 1051 499 διετησίοις

40 513 124 593 ἔταξε
146 519 304 602 Κυρῖνον
327 514 620 603 ἐπονομαζόμενον
640 520 869 606 γεραίρεσθαι.
914 521 963 586 ἐτι
985 517 1050 607 γὰρ

40 615 253 704 ἀγυοοόυτων
292 621 356 691 τὸν
396 619 594 711 ἀφανισμὸν
635 620 741 693 αὐτοῦ
773 623 946 712 Ῥωμαίων
985 633 1051 693 εἴτε

40 723 112 794 κατὰ
145 730 310 816 δαίμονος
345 728 513 817 πρόνοιαν
545 727 605 799 εἰτ’
636 733 669 814 ἐξ
702 733 883 819 ἐπιβουλῆς
914 728 1050 820 ἀνθρω-

40 838 128 921 πίνης
150 835 300 922 ἐγένετο,
323 836 505 925 παρελθόν
528 863 578 918 τις
601 843 649 918 εἰς
669 837 733 926 τὴν
756 835 887 927 ἀγορὰν
908 836 1077 919 Ἰοόλιοςε

42 938 138 1029 ὄνομα
170 945 242 1011 τῶν
273 939 331 1011 ἀπ’
358 941 537 1014 Ἀσκανίου
566 943 749 1033 γεωργικὸς
781 944 868 1035 ἀνὴρ
900 947 957 1014 καί
989 945 1050 1014 τὸν

42 1052 107 1132 βίον
132 1047 375 1139 ἀνεπίληπτος,
399 1046 471 1134 οἷος
498 1052 605 1141 μηδὲν
626 1049 670 1122 ἀν
693 1053 886 1136 ψεύσασθαι
909 1054 1051 1139 κέρδους

43 1155 125 1222 ἕνεκα
149 1161 296 1244 οἰκείου,
325 1163 389 1246 ἐφη
417 1160 712 1250 παραγιγνόμενος
738 1161 772 1242 ἐξ
800 1156 907 1250 ἀγροῦ
924 1157 1050 1248 Ῥωμύ-

46 1269 92 1329 λον
123 1265 216 1332 ἰδεῖν
248 1261 393 1334 ἀπιόντα
421 1267 457 1335 ἐκ
483 1271 544 1354 τῆς
569 1266 698 1349 πόλεως
730 1272 849 1355 ἔχοντα
878 1265 920 1338 τά
952 1265 1050 1353 ὅπλα,

44 1368 86 1434 καί
110 1369 230 1459 ἐπειδὴ
258 1371 356 1460 ἐγγὺς
387 1375 519 1460 ἐγένετο
551 1373 694 1444 ἀκοῦσαι
725 1378 831 1446 ταῦτα
864 1371 969 1443 αὐτοῦ
999 1374 1051 1442 λί-
1066 1403 1092 1444 ιο

42 1501 160 1559 γοντος·
189 1476 344 1566 Ἀγγέλλε
361 1477 538 1569 Ῥωμαίοις
561 1479 683 1550 Ἰούλιε
708 1480 750 1550 τά
772 1478 852 1569 παρ’
879 1483 972 1568 ἐμοῦ,
996 1478 1048 1550 ὅτι
1067 1483 1089 1548 4

41 1609 73 1668 με
97 1582 114 1654 ὁ
137 1585 254 1673 λαγῶν
288 1584 337 1656 ὅτ’
363 1588 530 1676 ἐγενόμην
562 1591 694 1676 δαίμων
722 1592 784 1668 είς,
800 1586 906 1668 θεοὺς
935 1585 1050 1674 ἄγεται

8 1689 96 1759 ῖῖιτόν
117 1691 254 1780 θνητὸν
281 1693 542 1784 ἐκπληρώσαντα
573 1698 694 1764 αίῶνα·
728 1695 795 1783 εἰμὶ
824 1693 862 1762 δέ
887 1701 1050 1783 Κυρῖνος.

40 1797 221 1888 περιλαβῶν
251 1799 289 1868 δέ
316 1798 450 1870 ἅπασαν
477 1800 540 1889 τὴν
568 1803 643 1892 περὶ
671 1799 712 1870 τά
735 1811 814 1870 θεῖα
838 1806 1049 1889 νομοθεσίαν

41 1921 174 1994 γραφαῖς
210 1910 334 1976 διεῖλεν
367 1912 414 1988 εἰς
450 1904 535 1978 όκτῶ
569 1914 704 1999 μοίρας,
737 1906 815 1978 ὅσαι
847 1912 916 1978 τῶν
948 1910 1048 1997 ἱερῶν
1063 1936 1090 1978 ιε

41 2001 115 2097 ἦσαν
139 2017 179 2082 αί
202 2019 394 2103 συμμορίαι.

117 2122 256 2189 LXIIH.
275 2119 439 2190 Ἀπίόωκε
463 2120 501 2190 δέ
523 2126 606 2209 μίαν
629 2121 691 2210 μὲν
716 2126 911 2211 ἱερουργιῶν
936 2120 1050 2190 όιάτα-

43 2227 85 2304 ξιυ
113 2241 188 2307 τοῖς
219 2226 399 2316 τριάκουτα
429 2234 630 2317 κουρίωσιν,
663 2224 723 2309 οὓς
759 2234 846 2316 ἐφην
877 2225 918 2297 τὰ
949 2226 1049 2297 κοινὰ

42 2331 130 2401 θύειν
162 2331 249 2423 ὑπὲρ
281 2339 350 2402 τῶν
382 2339 558 2422 φρατριῶν
591 2334 673 2424 ίερά.
727 2333 790 2422 τὴν
821 2333 859 2403 δέ
887 2336 1089 2424 όευτέραυ2

43 2443 351 2529 τοῖς·καλουμένοις
380 2440 446 2512 ὑπὸ
480 2442 541 2531 μὲν
564 2441 737 2531 Ἑλλήνων
765 2439 1090 2531 στεφανηφόροις,εο

43 2542 96 2616 ἀπὸ
125 2548 163 2618 δὲ
187 2546 362 2638 Ῥωμαίων
389 2549 576 2638 φλάμοσιν,
609 2547 670 2630 οὓς
702 2551 755 2620 ἐπί
786 2554 845 2637 τῆς
873 2548 1049 2639 φορήσεως

9 2657 102 2722 ῖῖιιῶν
123 2660 234 2724 πίλων
256 2683 292 2725 τε
314 2657 370 2725 καὶ
389 2657 594 2745 στεμμάτων,
617 2653 639 2725 ἀ
661 2657 717 2726 καί
739 2660 805 2725 νῦν
830 2662 878 2726 ἐτι
901 2660 1048 2745 φοροῦσι

44 2761 145 2850 φλάμα
169 2766 363 2848 καλοῦντες,
388 2761 475 2833 οὕτω
494 2764 795 2855 προσαγορεύουσι.
836 2762 899 2852 τὴν
919 2763 957 2832 δὲ
979 2769 1048 2852 τρί·
1067 2767 1088 2831 3

44 2891 94 2952 την
123 2882 194 2949 τοῖς
225 2867 367 2957 ἡγεμόσι
403 2874 472 2940 τῶν
508 2878 683 2959 κελερίων,
719 2867 780 2952 οὓς
816 2876 902 2958 ἔφην
941 2874 1050 2950 ἱππεῖς

45 2997 71 3039 τε
98 2975 151 3044 καί
188 2976 308 3057 πεζοὺς
341 2980 627 3066 στρατευομένους
663 2977 815 3067 φύλακας
849 2976 1048 3048 ἀποδείκνυ-
1062 3007 1088 3047 25

47 3087 115 3148 σθαι
136 3087 205 3151 τῶν
229 3085 413 3171 βασιλέων,
440 3085 497 3152 καὶ
519 3083 583 3173 γὰρ
614 3077 709 3155 οὗτοι
730 3088 933 3174 τεταγμένας
954 3083 1049 3164 τινάς

105 3249 120 3298 8
143 3241 262 3299 ἓνεκενῖ
335 3250 368 3299 11
391 3240 492 3314 ἀγγελε
511 3247 557 3302 Βε.
634 3254 668 3302 12
692 3242 846 3316 ἐγεινάμην
864 3248 890 3300 Α
963 3251 995 3299 13
1014 3240 1047 3298 τό

48 3309 188 3380 θεητόνΑ
266 3320 300 3370 15
324 3313 420 3386 ίερῶν]
450 3313 550 3386 ἰερέων
574 3318 706 3374 Gelenius
786 3323 818 3372 19
842 3315 1004 3386 φρατριέων
1022 3315 1048 3369 A

49 3387 175 3452 φρατριῶν
193 3387 242 3442 Bb
315 3393 350 3442 20
369 3384 603 3459 στεφηφόροιςΟ
677 3396 711 3445 22
730 3391 787 3444 τῶν
804 3388 933 3442 πιλωτῶν
951 3388 977 3442 R
1000 3405 1047 3440 πι-

49 3451 158 3580 λῶ<ἕ>η
175 3459 199 3512 Β
259 3465 307 3545 ,23
327 3455 441 3530 φλάμεα
461 3457 587 3532 Scaliger
600 3460 674 3516 Cast.
691 3461 721 3516 in
734 3461 808 3516 Post.
824 3478 845 3516 ε.
860 3477 885 3514 v.
905 3457 1048 3528 apiculum

50 3521 73 3575 et
107 3532 177 3585 ortus
197 3534 339 3602 φιλαμινα
358 3531 502 3586 Turnebus
