2412 3912
133 171 176 236 ιι
556 170 722 223 -A—

131 338 249 421 ἔρημοι
281 330 446 421 ἀφεῖνται.
491 323 578 419 ἦσαν
611 329 643 400 δ’
679 334 716 400 έν
747 334 788 422 τῇ
815 329 964 420 Ῥεατίνη
995 333 1035 419 γῇ
1068 329 1123 394 τῶν

128 438 333 508 Ἀπεννίνων
371 437 461 526 ὀρῶν
495 437 536 506 ού
572 437 725 526 μακρὰν,
759 436 805 519 ῶς
829 435 994 529 Οὐάρρων
1024 435 1125 521 Τερέν-

129 573 200 626 τιος
237 548 273 614 έν
314 543 565 635 ἀρχαιολογίαις
600 544 743 633 γράφει,
779 543 845 612 ἀπὸ
882 550 942 632 τῆς
971 544 1127 630 Ῥωμαίων
1183 618 1184 621 ¹

128 653 257 733 πόλεως
283 657 321 721 αί
344 652 383 722 τὸ
411 650 622 740 βραχύτατον
650 650 833 740 ἀπέχουσαι
860 646 1043 741 ἡμερήσιον
1069 644 1127 714 διά-

102 776 238 848 ῡστημα
271 759 373 829 ὁδοῦ·
405 753 454 828 ῶν
486 757 550 846 έχῶ
582 757 641 838 τὰς
673 759 955 847 ἐπιφανεστάτας,
988 756 1033 838 ῶς
1063 757 1130 823 έκεῖ-

90 866 190 948 2νος
217 871 358 954 ίστορεῖ,
386 865 598 952 διηγήσομαι.
644 865 818 934 Παλάτιον
847 864 908 953 μὲν
936 868 1036 934 πέντε
1062 858 1131 946 πρὸς

128 987 200 1052 τοῖς
222 982 330 1041 είκοσι
353 977 503 1052 σταδίοις
526 971 705 1059 ἀφεστῶσα
722 970 869 1058 Ῥεάτου,
891 972 1022 1052 πόλεως
1035 974 1133 1038 οίκον-

128 1082 231 1166 μένης
259 1076 324 1148 ὑπὸ
345 1077 521 1166 Ῥωμαίων
550 1085 597 1148 ἔτι
625 1080 680 1148 καὶ
704 1083 752 1159 είς
774 1078 846 1166 έμέ,
875 1085 1039 1159 Κοϊντίας
1061 1073 1133 1144 ὁδοῦ

127 1191 282 1271 πλησίον.
331 1185 479 1274 Τριβόλα
508 1185 545 1255 δέ
572 1184 658 1274 ἀμφὶ
687 1183 766 1266 τοὺς
794 1185 954 1274 ἑξήκοντα
987 1188 1136 1258 σταδίους
1149 1203 1171 1254 11

89 1316 114 1355 10
127 1296 185 1380 τῆς
222 1290 334 1381 αὐτῆς
360 1291 488 1372 πόλεως
524 1291 721 1378 ἀφεστῶσα,
762 1292 872 1382 λόφον
913 1290 1136 1378 ἐπικαθημένη

127 1399 326 1487 σύμμετρον.
372 1398 550 1485 Συεσβόλα
574 1398 672 1467 δὲτὸ
696 1397 778 1468 αὐτὸ
804 1399 970 1486 διάστημα
993 1402 1056 1486 τῆς
1073 1402 1138 1481 Τρι-
1184 1452 1196 1484 ,,

127 1505 230 1591 βόλας
252 1503 432 1592 ἀπέχουσα,
454 1509 524 1573 τῶν
547 1512 748 1592 Κεραυνίων
773 1504 864 1594 δρῶν
886 1511 1046 1592 πλησίον.
1084 1497 1141 1569 ἀπὸ
1188 1552 1197 1600 'z

47 1659 53 1683 ι
128 1611 165 1680 δὲ
200 1610 322 1698 ταύτης
357 1611 599 1699 τετταράκοντα
632 1617 782 1694 σταδίοις
819 1616 1006 1702 διηρημένη
1052 1609 1142 1685 πόλις

127 1718 292 1805 ἐπιφανὴς
329 1717 468 1802 Σούνα,
506 1724 592 1786 ἔνθα
628 1718 713 1800 νεῶς
748 1718 839 1789 πάνυ
876 1719 1016 1808 ἀρχαῖός
1056 1719 1143 1786 ἐστιν
1198 1783 1199 1788 ,

86 1805 244 1933 {meua
289 1825 444 1912 Μήφυλα
472 1823 510 1892 δὲ
537 1823 582 1905 ῶς
607 1826 787 1913 τριάκοντα
815 1829 974 1905 σταδίους
1001 1825 1143 1894 ἄπωθεν

124 1937 184 2021 τῆς
210 1932 366 2020 Σούνης·
394 1936 565 1999 δείκνυται
592 1932 631 2000 δὲ
658 1931 761 2021 αὐτῆς
788 1932 915 2021 ἐρείπιά
941 1933 1062 2000 τεκαὶ
1086 1934 1147 1999 τεί-

125 2067 205 2128 χους
229 2049 315 2126 ίχνη.
359 2037 601 2124 τετταράκοντα
625 2038 663 2106 δὲ
686 2043 844 2119 σταδίους
871 2037 1046 2126 ἀπέχουσα
1070 2043 1146 2122 Μη-

125 2146 235 2234 φύλης
254 2144 457 2232 Ὀρουΐνιον,
480 2149 511 2212 εί
532 2149 592 2211 καί
608 2172 659 2224 τις
682 2144 765 2232 άλλη
779 2149 848 2213 τῶν
862 2143 985 2214 αὐτόθι
1007 2144 1150 2214 πόλεων

126 2251 292 2341 ἐπιφανὴς
314 2252 370 2318 καὶ
384 2249 524 2338 μεγάλη·
550 2254 648 2337 δῆλοι
671 2250 734 2337 γάρ
750 2256 836 2319 είσιν
860 2250 962 2338 αὐτῆς
977 2255 1014 2319 οἵ
1034 2277 1076 2320 τε
1090 2259 1151 2318 θε-

84 2381 111 2421 20
125 2363 234 2449 μέλιοι
255 2359 326 2427 τῶν
349 2361 468 2445 τειχῶν
491 2358 547 2424 καὶ
571 2356 674 2444 τάφοι
696 2357 785 2438 τινές
807 2355 1069 2446 ἀρχαιοπρεπεῖς
1094 2357 1153 2424 καὶ

62 2479 79 2500 ·“’
125 2470 365 2552 πολυανδρίων
393 2467 431 2532 έν
454 2461 598 2550 ὑψηλοῖς
624 2463 754 2551 χῶμασι
782 2467 1027 2552 μηκυνομένων
1052 2468 1155 2551 περί·
1174 2484 1199 2534 31

124 2578 236 2658 βολοι·
261 2577 349 2639 ἔνθα
372 2572 427 2639 καὶ
450 2569 535 2650 νεῶς
554 2569 700 2657 Ἀθηνᾶς
718 2573 809 2639 ε’στιν
832 2568 980 2659 ἀρχαῖος,
1004 2573 1155 2659 ίδρυμέ-

123 2705 183 2758 νος
206 2679 259 2746 ἐπὶ
282 2681 340 2764 τῆς
362 2676 474 2765 άκρας.

83 2790 106 2853 4
210 2783 289 2852 Ἀπὸ
321 2784 359 2851 δὲ
387 2787 534 2853 σταδίων
563 2782 773 2872 ὀγδοήκοντα
795 2782 933 2854 Ῥεάτου
955 2798 1025 2864 τοῖς
1048 2789 1157 2854 ίούσι

133 3006 145 3032 ‹
196 2939 402 3016 2*βάρρωνο
443 2941 515 3016 λαί]
530 2944 609 2999 καλΒ
625 2947 629 3014 Ι
645 2940 799 3014 ἦμερησίου
815 2943 991 3014 c.Kiessling
1036 2940 1159 3000 ὅὸδοῦ

56 3077 62 3087 ‚
124 3015 178 3088 ων]
198 3006 219 3068 ῶ
240 3010 421 3070 δουλεύωνΒ
458 3007 498 3069 ῶν
514 3010 623 3078 ἐκεῖνος
637 3015 740 3071 Reiske
795 3011 961 3089 7ἀφεστ<ω
985 3011 1159 3085 ςάρεοέτου

124 3088 147 3141 Β
165 3103 236 3142 corr.
254 3085 397 3157 Kiessling
424 3082 554 3156 αφεστῶς
573 3083 677 3156 βεάτον
695 3087 721 3141 R
736 3088 740 3156 Ι
756 3083 838 3150 πόλις
856 3086 1008 3156 οίκονμενη
1026 3103 1049 3141 ο.
1063 3086 1164 3142 Bun-

123 3175 172 3213 sen
195 3159 267 3214 Ann.
287 3159 354 3212 lust.
374 3159 449 3215 arch.
469 3158 508 3212 VI
526 3175 553 3227 p.
577 3164 627 3213 129
707 3164 723 3213 9
747 3154 862 3230 τριβόλιι
880 3159 954 3213 AaB
986 3153 1162 3227 ἡτριβόλα

123 3229 172 3284 Ab
206 3224 349 3301 Τριβούλα
363 3230 411 3284 vel
430 3233 489 3297 Τρη
509 3229 579 3283 οὖλα
589 3229 722 3284 Cluverus
735 3229 798 3284 Ital.
814 3231 871 3285 ant.
886 3249 914 3300 p.
934 3235 985 3286 683
1041 3235 1072 3283 11
1097 3248 1163 3284 συ-

123 3295 226 3371 εσβόλιι
244 3301 297 3354 ΑΒ
315 3295 462 3354 Συεσοόλα
482 3231 604 3387 {ylbmg
625 3295 824 3423 th‘ffl‘WB
907 3307 940 3356 14
958 3295 1057 3355 Σοάνα
1079 3298 1167 3370 Syl-

122 3371 195 3440 burg
269 3375 301 3424 15
320 3366 403 3440 άρεος
421 3371 466 3424 Bb
485 3389 577 3438 αρεως
594 3371 620 3424 Δ
653 3366 862 3439 αλάπωδενΒ
883 3367 1165 3439 ἀποθενΒΙστα-

123 3441 202 3503 δίονς
220 3439 364 3511 Kiessling
382 3443 507 3503 σταδίοις
526 3439 548 3494 0
636 3447 669 3495 21
689 3441 875 3512 μηνυομένων
899 3461 921 3500 ο.
945 3442 1046 3498 Reiske
