2404 3918
530 196 698 248 ..Γ-

109 356 167 420 θια
193 352 250 420 καὶ
277 356 391 439 φαῦλα
422 366 495 432 ταῖς
526 354 697 440 ἐργασίαις
728 350 812 421 ὄντα
837 356 969 439 πρῶτος
996 349 1130 444 ᾠκοδο-

108 457 236 546 μήσατο
264 465 377 538 λίθοις
403 456 592 546 ἁμαξιαίοις
619 461 852 547 εἰργασμένοις
878 457 961 547 πρὸς
984 458 1130 526 κανόνα.

68 564 230 654 ὅῆρξατο
259 566 298 634 δὲ
324 568 380 635 καὶ
403 564 462 646 τὰς
483 563 679 653 ὑπονόμους
708 564 861 654 ὀρύττειν
883 565 1056 653 τάφρους,
1082 562 1128 632 δι’

109 665 160 742 ὧν
188 674 240 742 ἐπὶ
272 672 334 743 τὸν
365 676 504 762 Τέβεριν
536 671 723 761 ὀχετεύεται.
752 677 821 741 πάν
846 670 884 741 τὸ
912 673 1066 761 συρρέον
1096 672 1131 738 ἐκ

82 783 179 849 στάν
211 783 391 850 στενωπῶν
423 776 533 868 ὕδωρ,
566 785 646 868 ἔργα
679 777 873 867 θαυμαστά.
893 779 949 848 καὶ
987 781 1130 865 κρείττω

108 885 214 974 λόγον
244 887 585 974 κατασκευασάμενος.
614 877 737 974 ’ἔγωγ’
769 880 832 955 οὑν
864 889 902 955 ἐν
934 885 1024 971 τρισὶ
1060 897 1133 963 τοῖς

108 992 471 1082 μεγαλοπρεπεστάτοις
501 993 792 1082 κατασκευάσμασι
827 998 888 1081 τῆς
912 990 1065 1079 Ῥώμης,
1098 993 1130 1072 ἐξ

109 1090 159 1168 ὦν
191 1098 334 1187 μάλιστα
370 1099 408 1168 τὸ
440 1105 499 1188 τῆς
530 1099 711 1190 ἡγεμονίας
742 1103 938 1189 ἐμφαίνεται
971 1100 1131 1186 μέγεθος,

108 1203 167 1284 τάς
188 1232 224 1275 τε
246 1210 315 1274 τῶν
333 1203 469 1276 ὑδάτων
486 1204 621 1293 άγωγάς
641 1213 777 1295 τίθεμαι
794 1208 851 1276 καὶ
868 1204 927 1286 τὰς
944 1210 1014 1274 τῶν
1035 1203 1129 1273 ὁδῶν

72 1338 99 1378 ιο
112 1311 272 1400 στρώσεις
297 1314 353 1380 καὶ
380 1312 440 1393 τάς
465 1317 534 1381 τῶν
557 1311 742 1401 ὑπονόμων
771 1315 929 1400 ἐργασίας
952 1310 995 1380 οὐ
1017 1311 1129 1399 μόνον

110 1422 158 1499 εἰς
184 1418 221 1487 τὸ
250 1418 416 1507 χρήσιμον
447 1424 506 1508 τῆς
532 1424 738 1506 κατασκευῆς
764 1419 827 1508 τὴν
858 1417 1017 1488 διάνοιαν
1048 1416 1129 1487 ἄνα-

110 1528 241 1612 φέρων,
268 1523 354 1614 ὑπὲρ
378 1518 420 1596 οὑ
445 1526 528 1596 κατὰ
549 1525 611 1596 τὸν
641 1532 767 1596 οἰκείου
789 1524 910 1616 καιρὸν
933 1528 1015 1615 ἐρῶ,
1045 1521 1128 1592 ἀλλὰ

110 1632 166 1700 καὶ
190 1635 238 1711 είς
259 1630 409 1720 τὴντῶν
431 1629 662 1721 ἀναλωμάτων
681 1635 910 1717 πολυτέλειαν,
933 1627 977 1719 ἣν
997 1632 1031 1712 ἐξ
1053 1628 1127 1708 ἑνὸς

112 1743 214 1825 ἔργου
236 1736 424 1826 τεκμήραιτ’
449 1737 493 1808 άν
515 1766 566 1820 τις
583 1739 690 1808 Γάιον
711 1737 876 1808 Ἀκίλλιον
899 1736 1127 1825 ποιησάμενος

71 1869 98 1912 1⁵
112 1849 173 1914 τοῦ
206 1848 387 1934 μέλλοντος
417 1847 577 1932 λέγεσθαι
608 1844 813 1933 βεβαιωτήν,
845 1843 883 1925 ός
909 1864 1016 1932 φησιν
1045 1842 1166 1932 άμεσει

111 1954 283 2039 ληθεισῶν
314 1975 394 2021 ποτε
425 1955 498 2021 τῶν.
525 1952 750 2041 τάφρωνκαὶ
782 1953 899 2038 μηκέτι
931 1953 1124 2039 θιαρρεομέ

110 2085 184 2128 νων
210 2058 289 2138 τοὺς
314 2055 453 2145 τιμητὰς
478 2055 541 2144 τὴν
569 2056 807 2147 ἀνακάθαρσιν
833 2055 946 2127 αὐτῶν
977 2057 1034 2125 καὶ
1064 2055 1124 2143 τὴν

54 2205 69 2214 -
111 2164 290 2253 ἐπισκευὴν
313 2169 431 2253 χιλίων
454 2169 625 2252 μισθῶσαι
647 2165 831 2235 ταλάντων.

200 2273 349 2341 LXVIII.
381 2273 613 2342 Κατεσκεύασε
641 2272 679 2341 δὲ
705 2272 761 2340 καὶ
788 2269 849 2340 τὸν
876 2273 1035 2359 μέγιστον
1058 2274 1123 2338 τῶν

72 2401 100 2444 εο
114 2379 334 2468 ἱπποδρόμιον
362 2378 549 2465 Ταρκύνιος
569 2380 632 2449 τὸν
655 2376 776 2467 μεταξὺ
797 2383 859 2448 τοῦ
880 2405 917 2448 τε
935 2375 1123 2446 Αὐεντίνου

111 2486 167 2554 καὶ
203 2489 264 2554 τοῦ
300 2490 518 2555 Παλλαντίου
557 2490 713 2574 κείμενον
753 2489 883 2572 πρῶτος
919 2482 1123 2571 ὑποστέγους

111 2591 255 2680 ποιήσας
289 2592 365 2677 περὶ
402 2589 507 2660 αὐτὸν
543 2594 714 2680 καθέδρας
755 2592 849 2682 (τέως
886 2588 951 2678 γάρ
987 2591 1123 2670 ,ἑστῶτες

113 2697 302 2788 ἐθεώρουν)
318 2696 369 2766 ἐπ’
389 2703 518 2787 ἰκρίοις,
537 2701 648 2767 δοκῶν
669 2700 819 2780 ξυλίναις
837 2712 976 2784 σκηναῖς
995 2695 1123 2766 ὑποκει-

185 2903 199 2949 1
228 2889 431 2981 ᾠκοδομήσατο
459 2894 596 2950 Bsicheler
633 2890 835 3034 ἐθο<μήιίἰατο
861 2894 884 2947 Β
922 2888 1005 2948 ἐθοκί
1043 2911 1073 2948 σε
1100 2894 1123 2947 Β

112 2961 471 3036 θιατασκενασόμενοςο.
490 2963 594 3022 Reiske
610 2967 615 3034 Ι
632 2963 663 3020 ἐν
681 2984 735 3020 τισι
801 2983 856 3020 τισι
874 2963 921 3020 vel
938 2981 1001 3033 τρισ
1030 2963 1122 3018 delen-

112 3039 180 3094 dum
198 3053 258 3092 εεεε
261 3055 351 3124 susp.
370 3035 513 3107 Kiessling
573 3036 731 3124 Βμέγεθος
749 3038 772 3091 Β
791 3034 922 3107 μέγιστον
939 3037 966 3090 Β
1025 3031 1123 3100 Ιθεοὺς

113 3104 338 3237 {Imm
357 3109 591 3235 ἓίέἷῗλῖἓιιι
605 3114 652 3233 3²3
680 3103 885 3247 “”32'22203
894 3111 961 3234 1³²1?
960 3107 1075 3264 5:553?ss
1078 3107 1121 3230 τί

113 3251 210 3321 ίκρίων
225 3253 251 3305 Α
265 3253 270 3319 Ι
286 3251 380 3306 θοκάν
393 3250 416 3303 Β
431 3248 561 3304 θονάκων
576 3251 613 3316 A3
632 3250 752 3306 fortasse
771 3244 1120 3316 ίκρίων-θωδεκαπόθων

114 3320 291 3377 scribendum
317 3325 378 3375 εεεο
402 3337 475 3388 susp.
483 3319 528 3374 O.
553 3291 636 3376 Ρείεε
659 3319 762 3376 Philol
786 3320 954 3390 xxxfflp.
979 3325 1046 3389 5⁷2,
1038 3337 1120 3445 ,μισ

114 3393 228 3446 auctore
251 3390 338 3512 vgrba
360 3389 521 3459 interpunxi
537 3385 571 3458 Ι
557 3391 695 3461 νκοκειμέ
697 3411 755 3446 νων
780 3392 881 3446 Portus
908 3394 937 3446 ελ
959 3389 1042 3445 Peter

113 3457 251 3529 κειμένων

1079 3411 1120 3443 πί·
