2408 3928
2 355 3 424 Ῑ
137 397 218 458 νου,
246 378 389 443 Αἰνείου
417 373 470 462 δὲ,
503 373 552 444 ὅτ’
583 380 707 462 ἔφυγεν
740 378 776 444 ἐκ
805 379 864 462 τῆς
894 373 1055 461 Τρωάδος
1080 369 1139 459 ἀμα

136 493 207 559 τοῖς
229 478 344 560 ἀλλοις
370 482 426 549 καλ
452 485 557 550 ταῦτα
578 488 780 570 κομίσαντος
807 486 854 561 είς
873 479 1033 564 Ἰταλίαν,
1057 481 1091 546 ολ
1108 477 1139 545 δὲ

32 597 84 685 )
136 583 174 653 τὸ
203 584 353 666 διοπετὲς
380 587 580 658 Παλλάδιον
611 587 857 676 ἀποφαίνοντες
884 585 972 656 είναι
1003 583 1043 654 τὸ
1069 579 1137 671 παρ’

2 718 5 752 r
134 687 268 762 Ἰλιεῦσι
294 694 497 783 γενόμενον,
525 694 571 777 ὡς
597 702 739 766 Αἰνείου
765 700 967 784 κομίσαντος
995 691 1077 761 αύτὸ
1100 688 1138 758 δι’

2 811 3 814 ’
96 823 109 864 ο
137 800 328 887 ἐμπειρίαν,
357 798 499 889 Ἀχαιῶν
532 802 570 872 δέ
601 801 639 873 τὸ
672 809 801 891 μίμημα
836 798 941 871 αὐτοῦ
974 797 1141 886 λαβόντων
1198 895 1199 900 ¹

134 910 256 995 κλοπῇ·
292 907 368 995 περὶ
405 899 447 978 οῦ
482 911 602 979 πολλοὶ
639 910 774 999 σφόδρα
814 918 964 996 είρηυται
999 919 1142 993 ποιηταῖς
1198 911 1199 976 1

95 1012 115 1076 6
133 1036 169 1079 τε
191 1013 247 1080 καί
271 1019 503 1104 συγγραφεῦσι
525 1015 631 1104 λόγοι.
673 1014 737 1104 έγιά
762 1015 799 1085 δὲ
821 1012 859 1085 τὸ
877 1014 940 1103 μέν
964 1011 1056 1082 είναί
1076 1037 1141 1081 τινα

132 1132 204 1199 τοῖς
226 1127 364 1202 πολλοῖς
390 1119 500 1209 ἀδηλα
528 1121 601 1213 ίερά
624 1123 860 1211 φυλαττόμενα
886 1119 954 1190 ὑπὸ
977 1124 1047 1189 τῶν
1070 1144 1142 1206 παρ

132 1226 249 1293 θένων
271 1227 327 1294 καί
351 1224 392 1296 οῦ
415 1227 466 1297 τὸ·
476 1234 544 1316 πῦρ
572 1229 681 1317 μόνον
709 1232 744 1298 ἐκ
771 1231 907 1298 πολλῶν
934 1227 1027 1296 πάνυ
1054 1253 1143 1294 κατα-

94 1357 119 1396 ιο
132 1331 361 1420 λαμβάνομαι,
392 1340 470 1403 τίνα
502 1336 540 1403 δὲ
572 1334 666 1405 ταῦτ’
702 1342 794 1405 έστιν
831 1333 893 1404 οὐκ
927 1333 1011 1416 ἀξιῶ
1049 1341 1142 1402 πολυ

131 1453 339 1525 πραγμονεῖν
377 1439 449 1510 οὔτ’
479 1441 625 1530 ἐμαυτὸν
663 1442 741 1512 οὔτε
777 1442 882 1512 ἀλλον
920 1440 1047 1510 οὐδένα
1083 1443 1143 1508 τόν

130 1546 352 1632 βουλομένων
374 1545 415 1616 τά
436 1546 520 1635 πρὸς
541 1547 646 1630 θεοὺς
668 1548 746 1619 ὅσια
768 1564 892 1639 τηρεῖν.

221 1654 353 1722 LXVII.
386 1658 434 1722 Αί
455 1655 494 1724 δὲ
516 1656 768 1745 θεραπεύουσαι
790 1655 853 1744 την
873 1655 961 1725 θεὸν
982 1657 1144 1744 παρθένοι
1199 1665 1200 1676 ’

129 1757 282 1845 τέτταρες
308 1758 371 1847 μὲν
398 1752 486 1849 ἦσαν
513 1760 585 1831 κατ’
615 1761 720 1853 ἀρχὰς
750 1768 820 1833 τῶν
848 1765 1017 1851 βασιλέων
1048 1759 1144 1839 αύιάς

91 1889 116 1928 ω
131 1864 345 1952 αίρουμένων
373 1865 428 1956 ἐφ’
459 1863 509 1950 οἷς
539 1870 762 1958 κατεστήσατο
796 1875 941 1951 δικαίοις
973 1867 991 1938 ὁ
1021 1868 1144 1956 Νόμας,

129 1966 273 2059 ὕστερον
298 1972 336 2042 δέ
359 1967 416 2042 διά
438 1979 571 2061 πλῆθος
589 1981 658 2045 των
683 1980 885 2065 ἱερουργιῶν
911 1973 951 2056 ἀς
975 1978 1182 2045 ἐπιτελοῦοῖῖ

129 2095 185 2144 σιν
219 2080 252 2161 ἓξ
284 2080 466 2167 γενόμεναι
497 2084 593 2171 μέχρι
624 2087 687 2152 τοῦ
719 2082 800 2153 καθ’
829 2085 917 2172 ἡμᾶς
950 2084 1145 2170 διαμένουσι
1200 2169 1201 2182 ¹

127 2183 258 2270 χρόνον
294 2190 428 2256 δίαιταν
466 2193 602 2274 ἔχουσαι
642 2189 733 2278 παρὰ
772 2196 813 2281 τῇ
849 2195 937 2284 θεῷ,
977 2195 1065 2258 ἔνθα
1101 2185 1142 2256 δι’

129 2286 256 2380 ἡμέρας
278 2291 341 2378 μὲν
364 2291 477 2373 οὐδεὶς
499 2292 690 2382 ἀπείργεται
712 2301 782 2366 τῶν
804 2300 1030 2385 βουλομένων
1053 2296 1145 2364 είσιέ-

88 2418 200 2482 ιουαι,
233 2396 366 2485 νύκτωρ
400 2398 438 2467 δέ
472 2398 588 2469 οὐδενί
619 2406 688 2470 τῶν
715 2400 871 2492 ἀρρένων
900 2406 1145 2472 ἐναυλίσασθαι

87 2499 235 2589 2θέμις.
281 2504 408 2592 χρόνον
437 2505 475 2574 δέ
500 2513 739 2596 τριακονταετῆ
767 2513 884 2597 μένειν
913 2507 1019 2590 αῦτάς
1048 2507 1146 2594 ἀναγ-
1200 2553 1201 2600 ρ

125 2621 225 2676 καῖον
249 2606 355 2694 ἀγνάς
380 2611 500 2699 γάμων
526 2614 767 2699 θυηπολούσας
793 2641 829 2683 τε
856 2617 913 2685 καὶ
935 2608 1043 2686 τάλλα
1064 2625 1146 2702 θρη-
1200 2605 1201 2650 ³

127 2713 312 2795 σκευούσας
329 2715 412 2786 κατά
430 2717 552 2805 νόμον,
574 2721 614 2786 έν
636 2715 662 2812 ᾧ
687 2723 767 2790 δέκα
786 2720 848 2809 μέν
873 2727 930 2810 ἔτη
954 2721 1143 2810 μανθάνειν

126 2816 229 2898 αῦτάς
257 2823 340 2907 ἔδει,
369 2825 449 2892 δέκα
476 2822 509 2890 δ’
535 2827 697 2895 ἐπιτελεῖν
724 2826 765 2895 τῦ
788 2827 878 2918 ἱερά,
910 2827 952 2898 τά
982 2828 1022 2897 δέ
1047 2824 1143 2897 λοιπά

85 2945 111 2986 ει
127 2926 207 2994 δέκα
229 2926 415 2997 διδάσκειν
434 2930 555 3017 ἑτέρας.
600 2933 873 3021 ἐκπληρωθείσης
902 2933 940 3003 δέ
969 2939 1031 3023 τῆς
1056 2959 1141 3024 τρια-

124 3038 318 3112 κονταετίας
355 3034 457 3104 οὐδὲν
493 3028 538 3123 ἦν
574 3036 613 3106 τὸ
649 3044 805 3109 κωλῦσον
840 3039 902 3122 τὰς
937 3044 1143 3129 βουλομένας

123 3134 309 3220 ἀποθείσας
335 3138 376 3208 τά
404 3143 572 3230 στέμματα
598 3145 654 3212 καλ
683 3143 724 3214 τά
751 3144 853 3214 λοιπά
880 3146 1067 3235 παράσημα
1086 3150 1140 3232 τῆς

197 3337 212 3382 1
232 3324 277 3384 δι’
299 3329 406 3402 ἔφυγεν
424 3334 450 3386 A
468 3327 516 3388 ὅτε
537 3333 559 3388 ἒ.
578 3337 604 3390 Β,
674 3334 783 3394 λαῦτό
802 3341 825 3394 Β
844 3357 899 3397 om.
918 3343 946 3396 R
1018 3349 1052 3398 18
1071 3340 1138 3397 ἔνθα

125 3393 161 3464 δὴ
180 3399 228 3452 Bb
251 3400 378 3456 defendit
400 3402 491 3456 Cobet
514 3403 578 3458 Oba.
601 3424 629 3474 p.
649 3413 683 3461 5³
760 3415 796 3464 25
818 3412 870 3482 τῆς
892 3428 948 3468 om.
972 3414 1007 3483 B,
1031 3417 1138 3468 auctore

126 3467 275 3522 Ambrosio
294 3473 319 3524 A
390 3477 426 3525 26
444 3469 573 3527 κωλῦσον
590 3477 616 3527 Α
