2396 3918
563 229 727 282 -Β-

136 405 195 456 σιν
218 382 239 474 ἡ
263 386 384 456 άόικον
407 385 588 467 ἀπόλειψιν
612 386 689 456 οὔτε
707 387 784 476 περὶ
801 385 942 476 προικὸς
961 382 1131 464 ἀποδόσεως

137 488 159 580 ἡ
182 497 323 581 κομιδῆς
350 492 479 582 νόμους
504 493 580 572 θεὶς
608 491 685 562 οὔτε
712 491 796 562 ἄλλο
819 498 888 562 τῶν
912 497 1131 582 παραπλησίων

136 599 269 681 τούτοις
301 603 454 689 διορίσας
487 597 561 668 οὐδ’
592 598 725 687 ὁτιοῦν,
762 603 823 669 ἕνα
859 599 899 669 δέ
929 599 1037 688 νόμον
1066 597 1132 686 ὑπὲρ

138 705 296 778 όιπάντωυ
320 700 358 778 εὖ
382 714 511 796 ἔχοντα,
535 706 581 790 ὥς
608 706 693 777 αὐτὰ
715 706 756 776 τὰ
779 713 860 796 ἔργα
883 706 1043 795 ἐδήλωσε,
1055 732 1134 774 κατα·

95 839 111 880 σ
138 814 347 904 στησάμενος
377 821 425 897 είς
452 815 681 904 σωφροσύνην
717 816 774 884 καί
809 814 939 903 πολλὴν
972 812 1134 901 εὐκοσμίαν

96 920 119 986 2
137 922 242 1010 ἤγαγε
259 921 319 1003 τὰς
336 937 508 1010 γυναίκας.
544 914 588 1010 ἡν
610 922 648 992 δὲ
667 921 798 1002 τοιόςθε
823 919 842 990 ό
864 920 983 1009 νόμος·
1010 934 1136 1007 γυναῖκα

136 1028 283 1117 γαμετὴν
306 1027 368 1117 τὴν
391 1054 474 1098 κατα
497 1028 627 1117 γάμους
649 1027 762 1116 ίεροὺς
787 1030 1030 1096 συνελθοῦσαν
1052 1023 1137 1114 άυῦρὶ

136 1135 306 1206 κοινωνὸν
326 1133 486 1204 ἁπάντων
505 1133 593 1204 εἶναι
610 1134 791 1224 χρημάτων
809 1161 845 1203 τε
857 1133 918 1224 ,καὶ
938 1137 1049 1222 ίερῶν.
1076 1132 1170 1201 ἑκά-λθ

136 1249 221 1310 λουν
246 1243 284 1311 δέ
305 1241 386 1323 τοὺς
408 1241 521 1331 ίεροὺς
542 1244 598 1311 καί
620 1247 787 1331 νομίμους
810 1245 846 1312 οί
866 1241 1004 1311 παλαιοί
1025 1240 1141 1329 γάμους

96 1346 297 1440 ιοῬωμαϊκὴ
333 1355 543 1440 προσηγορίᾳ
581 1349 888 1439 περιλαμβάνοντες
927 1353 1141 1436 φαρραχείους
1192 1355 1193 1368 ’

137 1457 190 1524 ἐπὶ
213 1460 272 1543 τῆς
289 1463 472 1537 κοινωνίας
489 1460 551 1525 τοῦ
564 1456 705 1545 φαρρός,
729 1452 748 1524 ὃ
766 1459 936 1543 καλοῦμεν
954 1453 1051 1542 ἡμεῖς
1069 1457 1141 1537 ζέαν.
1193 1462 1194 1496 ¹

136 1560 222 1649 αὕτη
243 1561 308 1651 γὰρ
331 1555 377 1650 ἡν
400 1561 522 1651 άρχαία
544 1563 600 1630 καί
623 1565 719 1651 μέχρι
741 1567 869 1631 πολλοῦ
892 1561 1048 1649 συνήθης
1071 1559 1142 1629 άπα-

137 1687 193 1737 σιν
221 1668 336 1750 αὐτοῖς
367 1666 388 1759 ἡ
421 1669 545 1757 τροφὴ·
577 1671 672 1758 φέρει
700 1669 739 1737 δέ
766 1668 895 1755 πολλὴν
921 1667 978 1736 καί
1001 1665 1141 1755 καλὴνὴ
1194 1703 1195 1706 “

131 1772 305 1862 Ῥωμαίων
328 1781 371 1864 γὴ
393 1778 469 1865 [τὴν
490 1777 589 1860 ζέαυ].
630 1776 687 1844 καί
706 1773 817 1864 ὥσπερ
834 1772 950 1863 (ἡμεῖς
966 1779 1020 1862 οί>
1034 1773 1143 1860 Ἕλλη-

95 1903 122 1944 ισ
136 1907 193 1961 νες
214 1880 277 1951 τὸν
299 1888 460 1970 κρίθινον
482 1882 614 1970 καρπὸν
642 1880 873 1970 ἀρχαιότατον
891 1879 1143 1969 ὑπολαμβάνον-

135 2013 188 2069 τες
211 1990 356 2059 ἐπὶτῶν
379 1993 514 2059 θυσιῶν
542 1999 678 2076 κριθαῖς
704 1987 940 2078 καταρχόμεθα
968 1987 1071 2070 οὐλάς
1092 1987 1144 2056 αό-

134 2092 194 2176 τόις
220 2100 416 2183 καλοῦντες,
445 2095 533 2165 οὕτω
552 2094 709 2184 Ῥωμαίοι
738 2095 940 2185 τιμιώτατόν
962 2122 999 2164 τε
1020 2093 1144 2184 καρπὸν

134 2202 191 2271 καί
212 2199 443 2292 ἀρχαιότατον,
459 2200 548 2271 εἶναι
565 2208 758 2290 νομίζοντες
774 2200 834 2282 τάς
853 2203 925 2284 ζέας
944 2201 1001 2270 διά
1020 2201 1145 2271 τούτων

135 2306 266 2396 ἁπάσης
283 2307 439 2397 ’ἐμπόρου
461 2315 587 2389 θυσίας
608 2309 840 2397 κατάρχονται.
887 2310 981 2396 μένει
1010 2307 1075 2398 γὰρ
1103 2313 1145 2376 ἔτι

94 2437 122 2476 20
135 2417 191 2484 καί
215 2414 257 2485 οὐ
280 2417 531 2504 μεταπέπτωκεν
559 2421 606 2498 είς
633 2417 913 2503 πολυτελεστέρας
935 2413 1086 2503 άπαρχόις
1106 2413 1185 2482 τό289

93 2517 115 2581 3
136 2526 225 2602 ἔθος.
270 2525 308 2592 τὸ
333 2521 375 2610 δὴ
398 2524 588 2604 κοινωνοὺς
608 2528 668 2610 τῆς
691 2523 870 2610 ίερωτάτης
891 2524 1000 2592 τεκαὶ
1018 2522 1147 2611 πραότης

135 2631 264 2714 τροφῆς
289 2631 450 2714 γενέσθαι
478 2643 642 2715 γυναῖκας
668 2627 815 2717 άνόράσι
846 2629 903 2697 καί
935 2629 990 2698 ἐπὶ
1016 2632 1057 2718 τὴ
1087 2627 1146 2716 ὅλη

134 2742 316 2803 συνελθεῖν
339 2734 422 2823 τάχη
443 2733 507 2822 τὴν
530 2735 593 2822 μὲν
616 2737 791 2823 ἐπίκλησιν
813 2739 872 2823 τὴς
889 2739 1071 2815 κοινωνίας
1088 2739 1146 2804 τοῦ

206 2924 329 3000 3νόμον
352 2929 496 2999 Kiessling
522 2925 653 3017 μόνονΟ
734 2936 750 2985 6
774 2928 816 2994 είς
838 2925 1020 2999 εὐφροσύνην
1045 2931 1146 3001 μᾶλλον

134 2995 167 3054 σὲ
191 2997 378 3086 σωφροσύνην
400 3020 427 3054 κ.
445 3019 474 3055 π.
499 3002 654 3072 ευκοσμίοιν
677 3001 699 3056 Β
727 2998 769 3063 είς
793 2997 947 3072 εὐκοσμίαν
970 3001 1020 3072 καί
1042 2998 1146 3070 πολλὴν

133 3088 320 3141 σωφροσυνην
346 3073 372 3126 R
453 3076 627 3140 6γυναίκας
649 3071 673 3125 Β
704 3068 828 3142 γαμετάς
854 3075 881 3127 R
961 3068 1145 3143 λκόμουςΟ

133 3137 242 3213 γάμους
267 3142 390 3198 Sintenis
413 3142 474 3197 Em.
494 3142 575 3198 Dion.
594 3143 607 3196 1
631 3160 659 3213 p.
680 3149 714 3198 26
787 3149 803 3198 9
823 3144 872 3198 καί
890 3144 959 3213 νομί
1013 3163 1027 3206 ς
1049 3159 1103 3200 om.
1121 3145 1146 3197 A

135 3218 168 3269 10
187 3215 364 3284 φαρραχίους
383 3214 408 3267 Α
426 3212 677 3284 φαρραγχείουςΒ
751 3220 783 3268 11
804 3209 955 3284 φάρροςΑ
1059 3221 1092 3269 12
1110 3206 1146 3282 ἦν

132 3300 188 3340 om.
207 3286 232 3338 A
305 3291 340 3338 14
358 3280 411 3352 τὴν
430 3281 497 3348 ζέαν
515 3284 570 3338 del.
584 3285 707 3340 Reudler
721 3285 812 3339 Τίτου.
826 3303 854 3354 p.
869 3291 904 3340 22
920 3286 925 3353 1
941 3279 1023 3356 ἡμεῖς
1041 3283 1071 3341 οί
1082 3286 1145 3340 add.

131 3354 236 3412 Reiske
309 3361 342 3408 16
362 3347 450 3414 οόλάς
468 3353 490 3403 Β
509 3349 578 3416 όλάς
595 3356 621 3408 R
694 3361 727 3410 1⁷
746 3357 863 3444 καρπῶν
881 3356 952 3410 ΔΒσ.
970 3353 1082 3427 καρπόν
1099 3357 1146 3410 Bb

135 3429 169 3478 19
189 3423 230 3478 ἔτι
248 3423 298 3478 καί
316 3423 370 3477 νῦν
389 3422 438 3476 καὶ
457 3419 491 3476 οό
511 3439 534 3478 c.
554 3425 657 3480 Reiske
729 3431 764 3481 20
783 3424 916 3497 αρχάςΟ
988 3433 1023 3482 22
1042 3429 1075 3496 τῇ
1094 3421 1146 3498 ὅλη

134 3492 236 3548 Reiske
255 3494 342 3563 πολλῇ
363 3493 385 3547 Ο
404 3487 481 3562 πάση
501 3509 524 3546 ο.
544 3494 725 3552 casaubonus
