2396 3918
145 205 209 272 180
565 205 729 260 -Β-

142 365 227 435 ἄλλα
255 371 406 436 τοιαῦτα·
439 363 513 435 οὐδ’
539 361 583 433 ἂν
611 369 682 434 ίδοι
708 392 760 446 τις
785 363 864 453 παρ’
891 363 1019 454 αὐτοῖς,
1045 371 1136 434 καίτοι

142 475 406 561 διεφθαρμένων
437 471 503 562 ἤδη
536 476 604 541 τῶν
637 473 745 557 ἐθῶν,
774 470 816 540 ού
842 470 1136 560 θεοφορήσεις,ού
1189 497 1191 555 ι

140 578 471 667 κορυβαντιασμούς,
508 577 570 648 οῦκ
606 576 794 668 ἀγυρμούς,
831 576 874 648 οῦ
909 585 1062 668 βακχείας
1092 580 1136 646 καὶ
1189 595 1190 656 1

139 684 271 768 τελετὰς
300 684 528 774 ἀπορρήτους,
560 683 601 754 ού
634 683 947 774 διαπαννυχισμοὺς
983 687 1021 755 έν
1052 688 1137 771 ίεροίς

113 793 279 883 εᾶυδρῶν
311 791 376 862 σῦν
407 795 579 882 γυναιξίν,
612 790 674 862 οῦκ
706 791 789 862 ἄλλο
816 796 885 862 τῶν
912 797 1136 880 παραπλησίου
1189 819 1190 882 j

139 901 272 982 τούτοις
302 898 554 989 τερατευμάτων
587 896 706 985 οὐδέν,
733 897 807 968 ἀλλ’
838 897 988 986 εὐλαβῶς
1020 897 1167 968 ἅπανταεσ

139 1007 350 1097 πραττόμενά
372 1008 486 1077 τεκαὶ
515 1006 682 1094 λεγόμενα
704 1004 745 1076 τὰ
767 1008 843 1095 περὶ
865 1006 944 1088 τοῦς
966 1005 1084 1092 θεούς,
1104 1002 1138 1084 ῶς

99 1118 120 1182 3
140 1114 216 1185 ούτε
239 1112 318 1202 παρ’
335 1112 496 1202 Ἕλλησιν
520 1111 597 1182 οῦτε
620 1111 709 1202 παρὰ
728 1112 926 1202 βαρβάροις·
948 1112 1006 1182 καὶ
1030 1109 1048 1180 δ
1069 1110 1137 1179 πύν-

138 1247 207 1291 τωυ
230 1221 373 1308 μάλιστα
396 1225 499 1308 ἔγωγε
520 1219 732 1308 τεθαύμακα,
759 1225 878 1309 καίπερ
906 1225 1039 1309 μυρίων
1062 1216 1137 1286 ὅσον

99 1357 125 1396 ιο
139 1333 188 1408 είς
209 1326 271 1415 τὴν
293 1327 394 1398 πόλιν
417 1327 636 1415 ἐληλυθότων
660 1330 791 1413 ἐθνῶν,
819 1314 872 1407 οἷς
892 1325 1000 1414 πολλὴ
1024 1325 1137 1412 ἀνάγκη

139 1437 250 1521 σέβειν
282 1433 360 1513 τοῦς
390 1440 551 1523 πατρίους
582 1431 686 1514 θεοῦς
717 1447 788 1514 τοῖς
816 1443 956 1503 οἴκοθεν
985 1439 1139 1520 νομίμοις,

139 1539 280 1620 οὐδενὸς
302 1545 349 1620 είς
373 1542 473 1626 ζῆλον
497 1539 642 1628 ἐλήλυθε
669 1567 738 1608 τον
766 1542 907 1622 ξενικῶν
935 1537 1138 1627 ἐπιτηδευμά-

136 1673 205 1717 των
229 1645 249 1733 ἡ
272 1645 369 1726 πόλις
392 1650 549 1737 δημοσίᾳ,
572 1643 591 1715 δ
614 1654 753 1727 πολλαῖς
775 1645 841 1734 ἤδη
866 1649 993 1734 συνέβη
1016 1655 1138 1728 παθεῖν,

136 1753 221 1823 ἀλλὰ
247 1755 303 1822 καὶ
331 1763 365 1822 εί
387 1781 465 1823 τινα
496 1752 579 1822 κατὰ
606 1752 776 1842 χρησμούς
803 1753 1039 1841 ἐπεισηγάγετο
1067 1750 1137 1839 ίερύ,

97 1887 123 1928 15
136 1875 207 1940 τοῖς
235 1861 354 1946 ἑαυτῆς
386 1857 470 1928 αύτδι
500 1863 580 1949 τιμᾷ
612 1864 768 1946 νομίμοις
798 1857 933 1928 ἅπασαν
963 1861 1137 1945 ἐκβαλοῦσα

136 1971 315 2055 τερθρείαν
339 1965 506 2054 μυθικήν,
534 1963 644 2052 ῶσπερ
673 1963 714 2034 τῦ
736 1969 796 2052 τῆς
815 1963 938 2046 Ἰδαίας
960 1969 1046 2046 θεᾶς
1068 1962 1137 2051 ίερύ.

95 2077 261 2153 4θνσίας
283 2071 345 2160 μὲν
372 2070 436 2160 γὰρ
465 2070 548 2161 αὐτῇ
576 2072 633 2140 καὶ
659 2069 794 2157 αἰγῶνας
821 2070 965 2158 ἄγουσιν
994 2070 1060 2140 αἰνδι
1080 2073 1136 2138 πᾶν

136 2186 210 2261 έτος
228 2183 264 2250 οί
279 2178 459 2268 στρατηγοὶ
476 2175 559 2246 κατὰ
577 2175 656 2258 τοῦς
669 2174 842 2266 Ῥωμαίων
863 2177 1004 2265 νόμους,
1023 2181 1136 2265 ἱερᾶται

135 2288 174 2356 δέ
196 2285 299 2374 αὐτῆς
320 2282 408 2373 ἀνὴρ
430 2282 522 2370 Φρύξ
544 2285 600 2351 καὶ
622 2280 711 2370 γυνὴ
737 2289 868 2371 Φρυγία
891 2285 947 2352 καὶ
970 2283 1136 2372 περιύγον

93 2423 120 2462 ω
133 2413 190 2462 σιν
223 2391 289 2462 αἰνὰ
318 2389 380 2480 τὴν
406 2389 513 2459 ’πόλιν
551 2383 645 2459 οὗτοι
677 2394 1005 2479 μητραγυρτοῦντες,
1033 2389 1172 2475 ῶσπερνιε

134 2499 248 2580 αύτοίς
271 2504 362 2583 ἔθος,
384 2497 511 2576 τύπους
532 2523 567 2565 τε
589 2501 816 2585 περικείμενοι
837 2510 909 2577 τοῖς
932 2497 1072 2584 στήθεσι
1088 2495 1135 2563 καί
1189 2567 1190 2592 ρ

133 2605 399 2692 καταυλούμενοι
426 2601 510 2693 πρὸς
536 2603 604 2672 τῶν
633 2603 805 2691 ἑπομένων
832 2601 873 2672 τῦ
901 2608 1038 2696 μητρῷα
1064 2604 1134 2692 μέλη
1189 2597 1190 2652 ι

93 2718 115 2783 5
132 2715 188 2782 καὶ
210 2711 367 2798 τύμπανα
384 2713 596 2796 κροτοῦντες·
614 2707 787 2799 Ῥωμαίων
807 2710 846 2778 δέ
862 2713 932 2778 τῶν
951 2707 1134 2797 αὐθιγενῶν

133 2817 210 2887 οὔτε
234 2820 476 2905 μητραγυρτῶν
498 2843 548 2896 τις
572 2815 650 2886 ούτε
671 2816 943 2903 καταυλούμενος
970 2816 1134 2907 πορεύεται

91 2956 117 2998 τε
133 2923 190 2994 δι’δι
211 2928 271 3012 τῆς
292 2923 421 3003 πόλεως
442 2927 598 3010 ποικίλην
621 2920 809 3003 ένδεδυκῶς
837 2920 961 3010 στολὴν
986 2923 1062 2993 οῦτε
1087 2920 1133 3006 ὀρ

131 3032 236 3120 γιύζει
257 3029 320 3118 τὴν
338 3026 423 3099 θεὸν
446 3042 517 3109 τοίς
537 3036 700 3116 Φρυγίοις
718 3027 916 3116 ὀργιασμοῖς
933 3029 1018 3099 κατὰ
1036 3029 1132 3117 νόμον
1188 3091 1189 3096 ,

202 3269 218 3320 2
237 3265 294 3319 τῶν
313 3261 393 3320 έθῶν
410 3257 467 3332 ἤδη
480 3261 506 3315 Α
560 3266 576 3314 3
595 3256 835 3330 κορνβαντισμοῦς
848 3261 874 3315 Α
891 3247 1132 3332 κορνβιαντῗσμαῦς

129 3331 376 3406 ΒλύγνρμοῦςΒ
403 3327 545 3418 ύγερμοῦς
562 3331 589 3384 Β
664 3327 838 3387 6*ύλλῦο
918 3339 952 3386 10
973 3328 1051 3388 ἐθῶν
1068 3330 1132 3409 ABp

133 3411 166 3460 15
186 3401 346 3487 ἐκβαλοῦσα
364 3403 387 3456 Β
407 3397 581 3472 έκβαλλονσα
599 3401 626 3454 Β
702 3407 735 3456 19
754 3398 852 3465 αὐτοῖς
877 3401 981 3472 (Omg)
1000 3403 1045 3458 vel
1069 3394 1129 3470 αῦτη

133 3492 155 3531 ο.
174 3475 277 3530 Reuke
348 3479 384 3527 25
403 3467 545 3542 ὀργιάζειν
564 3472 596 3541 0,
615 3487 684 3526 corr.
703 3472 859 3528 Ambroseh
