2404 3918
464 241 631 292 ..Γ-

39 391 101 462 άπό
133 398 195 483 τῆς
223 393 396 483 Ἀλβανῶν
428 394 528 485 όρον,
561 401 648 466 ἔνθα
676 399 733 466 καλ
764 397 930 486 πρότερον
962 397 1054 487 εἶχον

39 500 188 589 ἑκάτεροι
220 502 299 584 τοὺς
330 503 491 592 χάρακας,
522 507 657 593 πρῶτον
689 505 751 592 μὲν
784 503 858 594 ίερὰ
885 504 1055 587 θύσαντες

39 606 172 695 ὤμοσαν
197 609 251 678 ἐπὶ
273 613 342 678 τῶν
365 609 524 697 ἐμπόρων
543 613 692 700 στέρξειν
714 609 777 699 τὴν
799 613 919 699 τύχην,
942 608 986 700 ἡν
1008 607 1052 680 άν
1092 699 1096 706 ἡ

39 717 70 783 ἐκ
88 718 147 802 τῆς
165 716 275 805 μάχης
291 721 360 786 τῶν
379 715 531 800 άνειγιῶν
555 720 692 806 ἑκατέρα
714 718 812 799 πόλις
834 720 1052 807 ἐξενέγκηται,

38 824 88 890 καλ
109 823 277 911 φυλάξειν
304 825 364 906 τὰς
390 821 573 912 ὁμολογίας
595 831 753 913 βεβαίους
775 827 905 914 μηδένα
926 825 1079 914 προσάε

17 947 152 1015 ῖῖγοντες
171 929 292 1012 αὐταῖς
309 930 415 1000 δόλου
433 928 535 1001 αὐτοί
553 958 588 1000 τε
610 932 667 1000 καὶ
686 933 786 1018 γένος
806 929 852 1002 τό
868 934 902 1015 ἐξ
925 929 1052 1003 αὐτῶν·

40 1037 101 1105 ε’πελ
124 1036 163 1106 δὲ
187 1035 229 1107 τά
252 1036 337 1127 πρὸς
359 1036 464 1119 θεοὺς
487 1035 564 1107 όσια
589 1038 825 1127 διεπράξαντο,
848 1041 989 1127 θέμενοι
1011 1037 1052 1109 τά

42 1140 116 1212 ὅπλα
137 1148 296 1233 προῆγον
319 1147 355 1214 ἐκ
382 1149 444 1214 τοῦ
471 1144 616 1234 χάρακος
643 1143 829 1234 ἀμφότεροι
851 1146 971 1215 θεαταὶ
992 1149 1052 1233 τὴς

45 1249 134 1338 μάχης
158 1252 319 1340 ἐσόμενοι
339 1255 445 1340 τριῶν
467 1247 488 1339 ἡ
512 1252 678 1341 τεττάρων
698 1257 845 1322 σταδίων
866 1250 905 1322 τὸ
929 1251 1051 1339 μεταξὺ

46 1363 154 1446 χωρίον
179 1374 253 1440 τοῖς
276 1356 539 1447 ἀγωνιζομένοις
560 1359 810 1440 καταλιπόντες·
833 1360 889 1427 καλ
912 1357 982 1448 μετ’
1001 1357 1050 1427 οὐ
1064 1392 1091 1432 ιο

42 1463 116 1532 πολὺ
138 1469 256 1553 παρῆν
273 1465 354 1546 τούς
371 1492 407 1535 τε
426 1471 617 1554 Κορατίους
635 1464 653 1535 δ
672 1468 741 1536 τῶν
756 1465 929 1554 Ἀλβανῶν
953 1486 1050 1555 στρα-

41 1568 128 1655 τηγὸς
150 1569 248 1658 α”γων
266 1573 323 1640 καί
345 1570 426 1654 τοὺς
442 1570 615 1661 Ὁρατίους
635 1571 653 1643 ὁ
672 1577 741 1642 τῶν
759 1571 933 1661 Ῥωμαίων
956 1579 1050 1660 βασι-

40 1674 106 1756 λεὺς
128 1676 365 1766 ὡπλισμένους
387 1703 423 1747 τε
445 1677 605 1749 κάλλιστα
626 1681 683 1749 καὶ
706 1678 766 1749 τὸν
789 1677 894 1748 άλλον
914 1684 1051 1767 ἔχοντας

39 1782 156 1872 κόσμον
182 1777 260 1854 οἷον
283 1782 463 1872 ἄνθρωποι
481 1785 717 1873 λαμβάνουσιν
740 1787 793 1856 ἐπὶ
810 1785 960 1878 θανάτῳ.
996 1812 1049 1873 γε·
1068 1793 1089 1858 3

40 1888 170 1977 νόμενοι
196 1891 234 1960 δὲ
258 1890 427 1979 σύνεγγυς
443 1889 600 1979 άλλήλων
622 1891 664 1961 τὰ
686 1891 747 1979 μὲν
772 1895 851 1980 ξίφη
873 1907 945 1973 τοῖς
966 1891 1048 1962 όπα-
1063 1924 1089 1966 15

40 2013 183 2080 σπισταῖς
210 2001 429 2087 παρέδωκαν,
456 2000 730 2088 προσδραμόντες
759 1999 798 2068 δὲ
828 2001 1049 2088 περιέβαλλον

40 2100 189 2193 ἀλλήλοις
219 2112 395 2187 κλαίοντες
421 2107 478 2175 καί
505 2119 577 2187 τοῖς
602 2104 753 2194 ἡδίστοις
778 2104 945 2195 ὀνόμασιν
967 2104 1049 2174 άυα-

39 2217 227 2300 καλοῦντες,
260 2211 345 2283 ὥστε
372 2217 421 2294 είς
448 2213 579 2302 δάκρυα
610 2227 791 2300 προπεσεῖν
817 2211 966 2294 ἅπαντας
993 2213 1049 2281 καί

40 2318 157 2408 πολλὴν
193 2316 379 2408 ἀστοργίαν
415 2334 615 2409 κατηγορεῖν
652 2323 750 2408 σφῶν
780 2346 817 2389 τε
848 2318 960 2389 αὐτῶν
992 2319 1049 2388 καὶ

39 2427 95 2492 τῶν
117 2422 316 2514 ἡγεμόνιον,
340 2425 392 2496 ότι
414 2425 526 2516 παρὸν
554 2425 669 2507 άλλοις
690 2427 758 2496 τισὶ
782 2425 911 2515 σῶμασι
934 2440 1047 2516 κρῖναι
1061 2458 1089 2498 νο

39 2527 91 2615 τὴν
117 2531 231 2620 μάχην
258 2537 306 2614 είς
337 2531 504 2622 έμφόλιου
537 2527 619 2621 αἷμα
650 2534 706 2602 καί
738 2532 939 2620 συγγενικὸν
966 2530 1048 2620 άγος

39 2632 88 2703 τὸν
109 2636 195 2727 ὑπὲρ
217 2643 287 2709 τῶν
309 2639 443 2709 πόλεων
471 2637 588 2727 ἀγῶνα
609 2641 833 2709 κατέκλεισαν.
877 2639 1046 2728 παυσάμε-

18 2759 89 2812 ῖουοι
111 2744 148 2813 δὲ
171 2749 241 2814 τῶν
261 2743 448 2833 άσπασμῶν
472 2749 507 2814 οἱ
523 2751 695 2815 νεανίσκοι
712 2747 769 2816 καὶ
790 2744 831 2815 τά
855 2750 934 2834 ξίφη
957 2745 1047 2834 παρά

39 2850 96 2916 τῶν
120 2848 342 2920 ὑπασπιστῶν
373 2850 535 2938 λαβόντες
566 2850 860 2942 ἀναχωρησάντων
891 2857 961 2923 τῶν
991 2855 1047 2923 πί-

40 2961 90 3036 λας
110 2957 271 3040 ἐτάξαντό
294 2984 330 3028 τε
352 2955 434 3027 καθ’
459 2955 593 3046 ἡλικίαν
615 2960 672 3028 καί
695 2962 866 3050 συνῄεσαν
889 2959 1000 3050 ὁμόσε.
1060 2991 1088 3034 ιο

115 3067 256 3134 XVIHI.
291 3067 380 3146 Τέως
393 3063 455 3152 μὲν
471 3057 534 3133 οὖν
547 3063 671 3153 ἡσυχία
684 3092 719 3135 τε
732 3068 788 3136 καλ
803 3065 880 3155 σιγὴ
895 3083 1047 3157 κατεῖχεν

101 3301 114 3350 7
134 3291 199 3353 όσια
218 3290 447 3365 διεπράξαντοΒ
465 3292 657 3366 διεπράξαντο
676 3291 782 3354 όσιαΒ
800 3292 864 3353 ὅσια
884 3298 938 3356 del.
953 3301 1046 3356 Reud-

42 3360 75 3416 ler
89 3365 173 3426 Τίεοο.
193 3386 222 3438 p.
241 3372 277 3422 29
357 3372 389 3422 17
408 3361 578 3436 α’λλὴλοιςΒ
602 3363 739 3457 άλλὴλονς
755 3368 782 3423 R
860 3375 894 3426 18
914 3390 1046 3440 τραπε-

42 3439 90 3489 σεῖν
107 3438 172 3496 Bet
188 3436 305 3507 Reiske‚
323 3444 494 3506 προσπεσεῖν
506 3438 533 3493 R
604 3445 639 3494 20
657 3444 752 3502 αλλοις
769 3441 825 3494 τισλ
838 3440 889 3495 καλ
907 3442 1045 3510 φαυλοτέ-

43 3522 90 3571 ροις
105 3507 211 3582 σῶμασι
230 3525 253 3565 c.
273 3508 376 3565 Reiske
