2412 3912
147 216 191 281 68
573 219 739 270 -Α-

148 375 220 464 ρόν.
262 372 300 456 ὃς
327 374 441 463 ἐπειδὴ
468 374 884 462 καταστρατοπεδεύσαντα
912 371 974 442 τὸν
999 369 1147 460 Ἡρακλέα

149 488 275 570 ἔμαθεν
304 485 341 550 έν
368 487 414 576 τῷ
441 496 599 571 προσεχεῖ
626 486 746 574 πεδίῳ,
776 484 961 571 λῃστρικῶς
988 483 1148 547 διασκευα-

148 588 293 676 σάμενος
324 591 489 678 ἐπιδρομῇ
521 593 682 681 αἰφνιδίῳ
721 587 883 676 ἐχρήσατο
919 588 1148 673 κατακοιμωμέ-

147 723 212 766 νου
233 701 294 766 τοῦ
318 701 463 786 στρατοῦ
485 697 541 765 καὶ
563 701 622 784 τής
649 703 740 776 λείας
763 694 825 784 όσῃ
856 697 1013 781 ἐπέτυχεν
1035 690 1149 779 ἀφυλά-

107 769 213 897 {ungo
240 802 506 893 περιβαλόμενος
528 801 708 889 ἀπήλασεν.
753 800 896 890 ὕστερον
930 801 967 869 δέ
996 805 1150 867 κατακλει

148 911 245 990 σθελς
257 908 323 979 ὑπὸ
338 914 406 978 τῶν
416 907 590 996 Ἑλλήνων
614 915 661 989 είς
682 914 892 997 πολιορκίαν,
913 907 1003 976 τότε
1017 906 1151 995 φρούρια

146 1014 229 1085 κατά
256 1017 378 1104 κράτος
400 1013 513 1084 ἁλόντ’
548 1017 657 1084 έπεῑδε
684 1018 740 1085 καὶ
768 1015 868 1095 αὐτὸς
891 1017 929 1084 έν
951 1029 1023 1094 τοῖς
1046 1014 1151 1102 ἐρύμα-

148 1142 205 1190 σιν
228 1121 390 1211 ἀνῃρέθη.
417 1126 486 1191 τῶν
501 1121 540 1189 δὲ
553 1127 730 1210 φρουρίων
753 1121 860 1191 αὐτοῦ
882 1122 1152 1208 κατασκαφέντων

55 1267 63 1288 ι
147 1226 187 1297 τά
210 1229 304 1315 πέριξ
326 1235 433 1317 χωρία
456 1232 491 1297 οί
512 1228 774 1310 συνεξελθόντες
791 1226 950 1317 Ἡρακλεῖ
968 1226 1053 1296 κατά
1074 1232 1186 1315 σφᾶςιοε

108 1364 134 1403 ιο
147 1335 254 1424 ἕτεροι
269 1339 460 1423 παρέλαβον
471 1334 627 1424 Ἀρκάδες
638 1336 677 1403 τέ
688 1362 779 1416 τινες
795 1339 830 1404 οί
843 1333 907 1404 σὺν
923 1333 1094 1426 Εὐάνδρῳ
1109 1336 1154 1402 καλ

151 1446 287 1522 Φαῦνος
310 1440 327 1511 ὁ
351 1447 420 1511 τῶν
440 1441 660 1530 Ἀβοριγίνων
684 1441 850 1529 βασιλεύς.
896 1441 1039 1509 εἰκάσειε
1065 1439 1097 1509 δ’
1120 1440 1155 1508 ἀν

147 1576 198 1629 τις
233 1550 288 1617 καλ
324 1547 403 1630 τοὺς
439 1547 686 1637 ὑπομείναντας
726 1549 850 1619 αὐτόθι
891 1553 959 1618 τῶν
991 1546 1155 1636 Ἑλλήνων

146 1654 297 1734 Ἐπειοὺς
318 1657 374 1724 καλ
397 1653 476 1736 τούς
499 1659 534 1724 ἐκ
560 1661 689 1725 Φενεοῦ
709 1654 871 1744 Ἀρκάδας
892 1656 948 1724 καὶ
975 1658 1094 1740 Τρῶας
1115 1655 1157 1722 ἐπὶ

108 1765 281 1849 4φυλακῃ
309 1764 369 1847 τής
396 1759 507 1848 χώρας
535 1765 812 1849 καταλειφθῆναι.
858 1759 1082 1849 στρατηγικὸν
1104 1758 1157 1847 γάρ

109 1898 134 1937 15
150 1864 192 1953 δή
216 1867 272 1934 καὶ
294 1871 395 1935 τοῦτο
418 1871 487 1936 τῶν
505 1865 709 1955 Ἡρακλέους
737 1873 846 1956 έργων
868 1869 924 1936 καλ
948 1865 1092 1947 οὐδενὸς
1113 1857 1159 1952 ήτ-

148 2001 208 2042 τον
231 1974 466 2061 θαυμάζεσθαι
487 1975 694 2062 ἐπιτήδειον,
717 1973 755 2042 τὸ
775 1973 817 2062 δή
835 1973 914 2054 τοὺς
931 1971 1160 2050 ἀνασπάστους

150 2082 186 2148 έκ
221 2083 289 2148 τεόν
325 2083 580 2169 κεκρατημένων
613 2081 745 2150 πόλεων
777 2085 858 2162 τέως
888 2081 950 2169 μέν
983 2080 1161 2167 ἐπάγεσθαι

149 2184 230 2255 κατδι
254 2183 312 2264 τάς
335 2193 518 2275 στρατείας,
543 2188 612 2256 ἐπεὶ
636 2187 674 2256 δὲ
691 2187 877 2277 προθύμως
899 2185 978 2266 τοὺς
1001 2188 1163 2275 πολέμους

151 2295 440 2378 συνδιενέγκαιεν,
461 2297 509 2373 είς
544 2292 585 2362 τά
623 2297 802 2383 δορίκτητα
837 2300 1034 2376 κατοικίζειν
1070 2295 1161 2380 (καὶ)

110 2415 220 2480 εοτοϊς
242 2383 328 2486 παρ’
343 2401 467 2488 ἑτέρων
490 2401 766 2486 ἐπιχορηγηθεῖσι
791 2404 977 2488 δωρεῖσθαι
999 2399 1163 2478 πλούτοις.

150 2505 206 2574 διά
228 2506 290 2593 μὲν
314 2502 356 2591 δή
379 2509 482 2573 ταῦτα
505 2507 662 2592 μέγιστον
683 2505 793 2594 όνομα
816 2507 871 2574 καλ
894 2506 990 2586 κλέος
1008 2503 1163 2594 Ἡρακλέ-

220 2707 236 2754 3
256 2699 304 2752 καὶ
322 2699 500 2769 κοιμωμένου
516 2700 538 2755 O
554 2718 624 2756 corr.
640 2701 782 2766 Kiessling
854 2707 870 2756 5
889 2698 1128 2776 περιβαλλόμενος
1143 2700 1163 2754 Ο

150 2789 218 2826 corr.
237 2770 338 2824 Reiske
420 2778 435 2826 6
455 2767 512 2825 ἀπὸ
531 2773 607 2827 ΑΒε
687 2778 702 2826 ‘1
722 2767 819 2827 ἁλόντ’
839 2773 984 2829 Meutzner
1001 2775 1074 2828 Ann.
1093 2771 1165 2841 phil.

151 2848 219 2897 18⁷7
248 2859 275 2910 p.
295 2847 347 2896 824
375 2844 488 2897 auctore
517 2843 686 2913 Kiesslingio
716 2839 879 2898 ἕλόντωνΟ
905 2847 909 2913 Ι
936 2840 1033 2900 ἐπεῖδε
1062 2843 1164 2898 Βεὶελιε

152 2907 250 2980 ἐπειδὴ
276 2911 298 2965 0
329 2914 332 2980 Ι
363 2909 395 2968 ἐν
417 2919 476 2975 τοῖς
504 2909 641 2984 ἐρύμασιν
664 2915 686 2967 Β
718 2909 897 2985 ἀμυνόμενος
920 2917 946 2968 Α
1035 2922 1052 2970 9
1076 2909 1112 2968 τά
1136 2933 1164 2967 τε

150 2983 230 3051 πέριξ
249 2983 272 3035 Β
294 2983 298 3052 Ι
324 2980 510 3046 συνελθόντες
528 2986 576 3039 Aa
595 2981 790 3050 συνεξελόντες
817 3003 839 3039 ο.
859 2985 962 3041 Reiske
996 2987 1000 3056 Ι
1039 2981 1074 3041 τά
1093 2981 1166 3039 κατὰ

151 3055 225 3123 σφᾶς
244 3071 266 3142 (ᾗ.
282 3053 448 3124 Stephanus,
465 3050 530 3138 κατ’
550 3051 640 3124 ἀρχάς
658 3057 774 3142 Madvi'g
783 3057 853 3110 Adv.
865 3058 877 3110 l
891 3073 918 3125 p.
931 3063 989 3140 724.
1057 3063 1090 3112 10
1107 3053 1166 3110 ἕτε-

151 3126 364 3266 λέ]εὲ’ῗῖῖἵί.
390 3125 531 3251 {³⁰³3ssssss
563 3126 683 3251 Pflfssgkw
698 3121 834 3268 έέαῗλῖί
848 3144 900 3252 αἶ’
920 3129 1084 3254 έέὼιέ
1098 3127 1168 3252 affl

152 3263 278 3328 παστούς
296 3267 342 3320 Ba
367 3217 549 3329 ἀναστάτους
572 3285 594 3322 ο.
614 3218 757 3338 Κίεεάλίωὲ
831 3219 871 3324 ρ17
889 3219 972 3342 ἀέως]
994 3271 1068 3324 τεΑ
1095 3267 1126 3323 τέ
1146 3267 1169 3321 Β

191 3344 224 3392 18
243 3332 358 3391 κατάΒ
389 3337 438 3392 καλ
456 3339 482 3391 A
507 3341 510 3405 Ι
536 3333 635 3405 ἐπειδὴ
655 3338 709 3391 AB
738 3356 807 3394 corr.
835 3341 965 3396 Meineke
1058 3346 1090 3395 19
1117 3340 1170 3393 καλ

154 3408 218 3462 add.
245 3407 373 3462 Meineke
464 3415 498 3462 20
528 3405 757 3475 ἐπιχορηγηθεῖσι
786 3410 832 3464 Bb
873 3408 1099 3482 έπεχορηγηστελς
1122 3411 1171 3464 Βε.

156 3473 367 3546 έπιχορηγήσεις
386 3479 410 3530 Α
