2396 3918
460 200 626 254 -A-
987 198 1051 263 123

130 363 272 430 LXXVI.
307 357 459 450 Ἀμόλιος
477 358 591 449 ἐπειδὴ
610 363 777 450 παρέλαβε
800 359 862 449 τὴν
879 357 1051 447 Ἀλβανῶν

20 475 216 556 λίεβνσιλείαν
251 467 312 538 τὸν
344 467 573 556 πρεσβύτερον
610 465 761 555 ἀδελφὸν
793 470 969 556 Νεμέτορα
1005 472 1050 560 τῷ

56 580 233 663 κατισχῦσαι
259 580 317 664 τῆς
345 582 488 666 πατρίου
514 580 613 664 τιμῆς
639 574 810 664 ἀπείρξας,
838 573 878 644 τά
907 601 943 644 τε
966 573 1052 644 ἀλλα

54 681 121 752 κατά
141 681 269 770 πολλὴν
292 681 482 771 ὑπεροψίαν
505 687 573 752 τῶν
594 687 733 752 δικαίων
758 686 840 771 έδρα
862 683 918 750 καί
940 690 1051 751 τελευ-

55 793 109 858 τῶν
130 795 255 879 ἔρημον
276 793 399 877 γένους
420 788 481 860 τὸν
506 789 600 860 οίκον
619 794 681 860 τοῦ
699 792 891 878 Νεμέτορος
914 789 1078 875 ἐπιβοῶν

53 906 133 966 λενσε
153 901 304 986 ποιῆσαι,
326 901 388 968 τοῦ
410 925 446 968 τε
466 901 565 986 δίκην
583 895 744 985 ὑποσχεῖν
763 897 860 990 φόβῳ
879 898 934 966 καὶ
953 903 1051 988 ἔρωτι

55 1003 87 1092 μὴ
99 1009 296 1094 παυσθῆναί
306 1030 385 1075 ποτε
398 1009 457 1092 τῆς
471 1001 583 1092 ἀρχῆς.
606 1002 877 1092 βουλευσάμενος
896 1002 934 1072 δέ
947 1009 1050 1073 ταῦτα
1069 1004 1090 1069 2

59 1113 83 1178 ἐκ
97 1117 222 1182 πολλοῦ
245 1117 379 1201 πρῶτον
407 1112 469 1200 μέν
497 1111 557 1181 τὸν
585 1110 664 1182 νίδν
691 1115 752 1181 τοῦ
774 1114 966 1200 Νεμέτορος
989 1120 1050 1180 Ae-

54 1238 151 1302 γεστον
186 1219 264 1310 ἀρτι
295 1220 508 1308 γενειάζοντα
540 1219 691 1307 φυλάξας
727 1225 813 1290 ένθα
850 1221 1050 1306 ἐκυνηγέτει,

51 1332 237 1415 προλοχίσας
268 1331 329 1398 τοῦ
360 1332 488 1415 χωρίου
518 1326 557 1395 τὸ
589 1326 838 1415 ἀφανέστατον,
869 1325 1050 1407 ἐξελθόντα
1065 1349 1091 1389 ιν

49 1433 89 1499 ἐπί
109 1433 225 1522 θήραν
248 1432 437 1504 ἀποκτείνει
459 1436 515 1504 καί
537 1432 764 1522 παρεσκεύασε
786 1436 946 1521 λέγεσθαι
970 1431 1050 1522 μετά

49 1537 193 1629 τὸέργον
214 1538 259 1620 ῶς
277 1539 342 1610 ὑπὸ
362 1545 495 1631 ληστῶν
514 1539 712 1631 ἀναιρεθείη
731 1540 769 1611 τὸ
788 1539 971 1629 μειράκιον.
1009 1537 1050 1610 οὐ

47 1648 147 1732 μέντοι
175 1653 338 1737 κρείττων
368 1645 389 1736 ἡ
412 1647 660 1736 κατασκευαστὴ
690 1649 771 1731 δόξα
799 1652 857 1735 τῆς
879 1649 1050 1734 σιωπωμό·

45 1779 96 1839 νης
127 1753 293 1843 ἀληθείας
331 1757 477 1842 ἐγένετο,
514 1754 598 1825 ἀλλά
631 1763 768 1835 πολλοῖς
803 1755 859 1822 καὶ
891 1751 979 1840 παρά
1010 1751 1089 1895 τὸ3

44 1858 181 1948 ἀσφαλές
205 1865 365 1952 έτολμάτο
388 1866 548 1950 λέγεσθαι
566 1860 604 1932 τὸ
623 1864 785 1950 πραχθέν.
827 1864 987 1951 Νεμέτωρ
1012 1859 1049 1928 δὲ
1064 1917 1090 1958 15

44 1965 106 2054 ᾔδει
128 1969 195 2058 μὲν
217 1968 255 2039 τδ
280 1975 391 2058 ίργον,
414 1974 563 2062 λογισμῷ
587 1968 626 2037 δέ
648 1975 813 2057 κρείττονι
836 1972 898 2038 τοῦ
915 1967 1050 2048 πόθους

43 2074 207 2165 χριόμενος
230 2076 375 2164 ἀγνοιαν
403 2076 581 2164 ἐσκήπτετο
609 2080 656 2156 είς
679 2074 945 2164 ἀκινδυνότερον
968 2071 1049 2143 ἀνα-

13 2184 204 2265 Ιλιβιιλέσθαι
236 2182 363 2269 χρόνον
391 2181 452 2270 τὴν
487 2180 592 2271 ὀργὴν
624 2182 905 2269 βουλευσάμενος.
954 2180 1049 2269 Ἀμό-

42 2295 102 2368 λιος
121 2289 161 2357 δέ
180 2287 221 2358 τά
240 2293 301 2358 τοῦ
319 2295 496 2377 μειρακίου
508 2287 690 2376 ὑπολαβῶν
708 2291 889 2376 λεληθέναι
909 2288 1048 2377 δεύτερα

40 2394 110 2464 τάδε
134 2398 254 2466 έποίει·
285 2395 347 2484 τὴν
370 2397 543 2487 θυγατέρα
565 2400 627 2466 τοῦ
650 2397 841 2486 Νεμέτορος
861 2393 979 2480 Ἰλίαν,
1003 2392 1047 2475 ῶς
1062 2416 1088 2456 20

42 2504 73 2569 δέ
90 2530 183 2583 τινες
205 2501 376 2592 γράφουσι
396 2500 494 2572 Ῥέαν
518 2502 641 2591 ὄνομα,
665 2508 832 2570 Σιλουίαν
861 2500 892 2570 δ’
918 2504 1048 2588 ἐπίκλη-

40 2627 100 2696 σιν,
124 2613 164 2679 έν
188 2608 277 2700 ἀκμῇ
300 2609 411 2699 γάμον
434 2612 622 2698 γενομένην
651 2612 778 2698 ίέρειαν
805 2607 1048 2678 ἀποδείκνυσιν
1107 2625 1138 2659 2¹

37 2711 172 2804 Ἑστίας,
201 2714 246 2798 ῶς
274 2714 318 2804 μὴ
346 2716 464 2804 τάχιον
493 2722 541 2798 είς
568 2715 694 2803 ἀνδρὸς
722 2719 871 2786 ἐλθοῦσα
897 2718 973 2804 τέκη
1001 2741 1048 2784 τι-

41 2824 167 2912 μωροὺς
189 2827 235 2917 τῷ
260 2825 359 2910 γένει.
400 2828 600 2904 πενταετοῦς
623 2823 661 2892 δέ
690 2822 751 2892 οὐκ
774 2821 897 2892 ἐλάττω
920 2821 1048 2911 χρόνον

41 2933 97 2997 ἔδει
115 2929 176 3013 τάς
197 2928 287 3021 ίεράς
305 2929 408 3020 κόρας
425 2929 531 3018 ἀγνάς
550 2935 719 3019 διαμεῖναι
742 2929 871 3017 γάμων,
895 2924 949 3010 αίς
967 2927 1048 2997 ἀνα-
1062 2957 1088 2998 τε

100 3133 116 3181 2
137 3128 271 3198 νεμίτορα
290 3126 395 3196 passim
413 3127 459 3181 Ba
477 3125 616 3214 νεμέτορα
635 3127 710 3182 ABb
782 3133 800 3180 4
818 3124 866 3182 καί
884 3121 958 3180 κατά
977 3125 1024 3180 Bb
1041 3125 1044 3196 ί

39 3201 194 3254 τελευταῖον
212 3199 259 3252 Bb
341 3196 459 3267 θέριιτι
481 3197 531 3252 τοῦ
556 3217 593 3268 μη
619 3199 777 3268 Stephanus
860 3197 1048 3264 ἵπαυθῆναι

41 3267 105 3322 aab
181 3275 197 3324 8
216 3265 427 3340 <αί>γεστονΒ
447 3271 476 3325 et
495 3268 535 3324 sic
553 3287 663 3340 semper
736 3275 769 3323 14
789 3263 902 3338 ἐγένετο
921 3269 945 3320 Α
961 3271 966 3335 Ι
982 3271 1047 3322 πολ-

40 3339 89 3401 λοῖς
107 3339 160 3394 καί
176 3341 199 3394 Β
217 3340 266 3396 καί
285 3358 313 3395 π.
332 3342 358 3394 R
412 3346 447 3395 20
466 3335 577 3396 ίλοάιαν
596 3341 618 3394 Β
672 3346 704 3394 21
727 3339 836 3395 ίουλίαν
855 3338 881 3392 Α
900 3337 1047 3392 ίλουίανΒ

40 3413 160 3467 ιιλουίαν
183 3411 338 3467 Glareanus
420 3417 454 3468 23
478 3405 547 3467 ῶσιε
572 3413 625 3467 ΑΒ
707 3417 741 3466 24
764 3409 999 3481 τριακονταετοῦς
1022 3427 1046 3463 ο.

41 3476 195 3554 Glareanus,
216 3483 339 3554 Sylburg
