2404 3918
463 237 629 289 ..Γ-

33 418 64 459 τι
91 393 343 482 καταλαμβάνει
371 393 450 476 τοὺς
472 392 656 483 Ῥωμαίους
686 397 742 464 καί
772 393 882 483 ὥσπερ
913 393 1054 484 ἀκμῆτες

34 503 79 578 είς
101 499 297 588 κάμνοντας
325 499 495 591 ὠσάμενοι
522 506 690 572 διασπῶσι
718 499 777 582 τάς
803 502 912 585 τάξεις
939 500 1053 572 αὐτόν

34 607 107 693 περὶ
132 611 253 696 δείλην
276 607 380 692 ὀψίαν
403 607 468 698 ήδη
496 609 552 677 καὶ
575 607 802 696 ἀναγκάζουσι
823 608 904 689 τοὺς
925 633 1053 697 πρωτο-

35 713 154 795 στάτας
177 713 277 803 άρξαι
300 721 425 805 φυγῆς,
448 715 745 805 ἀκολουθήσαντές
770 743 807 787 τε
835 715 949 796 αὐτοῖς
972 715 1053 804 φεύ-

35 841 155 907 γουσιν
180 825 235 892 ἐπὶ
257 822 317 893 τὸν
345 824 473 912 χάρακα
500 826 556 893 καὶ
586 826 662 911 περὶ
685 822 743 904 τάς
766 823 918 911 τάφρους
939 825 1080 913 πολλῷε

36 935 194 1011 πλείονας
238 930 499 1018 καταβαλόντες,
542 929 617 1000 οὐδ’
663 929 770 1012 οὕτως
811 929 1053 1018 άπετράποντο,

37 1033 115 1104 άλλά
149 1043 418 1126 παραμείναντες
448 1036 511 1125 τῆν
548 1039 712 1107 έπιούσαν
749 1036 855 1107 νύκτα
886 1037 942 1105 καί
973 1033 1054 1114 τοὺς

38 1141 95 1211 άπὸ
118 1148 184 1213 τοῦ
208 1143 372 1233 ἐρύματος
394 1146 606 1232 μαχομένους
628 1142 843 1233 ἀνείρξαντες
865 1141 1053 1231 ἐκράτησαν

40 1255 91 1336 τῆς
111 1254 336 1339 παρεμβολῆς.
383 1247 465 1338 μετά
488 1250 526 1320 δὲ
544 1254 645 1322 τούτο
664 1249 702 1319 τὸ
727 1255 828 1340 ἔργον
848 1247 933 1337 ὅσην
957 1246 1052 1335 έβού·
1071 1250 1092 1315 6

44 1363 132 1426 λοντο
167 1360 227 1444 τῆς
258 1360 326 1426 τάν
355 1363 519 1445 Σαβίνων
551 1357 830 1445 λεηλατήσαντες,
863 1353 907 1435 ὥς
941 1353 1052 1435 οὐδεὶς
1067 1381 1092 1421 ιο

42 1461 150 1544 αὐτοῖς
182 1461 294 1534 ούκέτι
329 1465 405 1553 περὶ
443 1468 501 1552 τῆς
537 1462 648 1552 χάρας
686 1462 773 1552 έξήει
809 1461 1053 1550 μαχησόμενος,

14 1566 190 1659 ιεάπήεσαυ
214 1569 265 1640 ἐπ’
292 1579 399 1640 οίκου.
444 1567 509 1639 άπὸ
536 1569 660 1656 ταύτης
687 1573 745 1656 τῆς
773 1566 879 1656 μάχης
901 1567 962 1637 τὸν
984 1574 1053 1658 τρί-

39 1704 93 1746 τον
116 1677 284 1766 κατήγαγε
301 1683 475 1766 θρίαμβον
499 1674 517 1746 ὅ
541 1675 710 1763 βασιλεύς,
733 1676 790 1744 καὶ
813 1674 883 1762 μετ’
902 1673 943 1744 ού
966 1675 1053 1745 πολὺ

38 1788 341 1874 πρεσβευσαμένοις
373 1799 444 1865 τοῖς
476 1790 640 1872 Σαβίνοις
671 1781 868 1852 καταλύεται
899 1781 961 1852 τὸν
994 1783 1053 1852 πό-

40 1900 141 1980 λεμον
164 1890 394 1981 αίχμαλάτους
421 1917 457 1961 τε
483 1888 562 1980 παρ’
588 1888 699 1960 αὐτῶν
729 1887 970 1977 κομισάμενος,
994 1886 1053 1970 οὓς
1068 1914 1093 1955 15

41 1998 222 2087 ἐτύγχανον
251 1998 426 2088 εἰληφότες
449 2001 486 2068 έν
512 2012 584 2078 ταῖς
606 2011 808 2086 προνομαῖς,
830 1997 887 2064 καὶ
909 1993 1054 2084 αὐτομό-

41 2113 118 2186 λους
145 2107 367 2195 βοσκημάτων
394 2132 430 2176 τε
457 2106 513 2174 καί
539 2102 729 2192 ὑποζυγίων
757 2104 813 2172 καὶ
840 2105 908 2171 τόν
940 2100 1053 2170 άλλων

41 2212 215 2301 χρημάτων
239 2212 303 2283 όσα
320 2211 400 2294 τούς
422 2211 594 2302 γεωργούς
616 2210 809 2299 άφείλοντο,
831 2207 875 2298 ῆν
895 2211 1008 2290 ἔταξεν
1031 2205 1053 2296 ῆ

41 2318 144 2408 βουλή
171 2323 241 2389 τάν
259 2317 435 2408 Ῥωμαίων
465 2324 584 2407 ζημίαν
611 2320 818 2406 τιμησαμένη
846 2314 904 2396 τὰς
926 2315 1054 2404 βλάβας

42 2427 121 2513 πρὸς
143 2426 324 2517 ἀργύριον,
348 2426 549 2516 ἀναπράξας.
1066 2447 1093 2488 2⁰

125 2537 278 2602 XXXIII.
312 2530 385 2602 Ἐπὶ
411 2532 545 2613 τούτοις
571 2531 839 2618 καταλυσάμενοι
867 2527 928 2598 τὸν
955 2529 1052 2599 πόλε-

43 2667 103 2724 μον
127 2645 161 2710 οί
182 2647 329 2728 Σαβῖνοι
356 2642 412 2708 καί
438 2645 508 2709 τῶν
531 2637 722 2728 ὁμολογιῶν
751 2637 873 2725 στήλας
895 2635 1052 2724 άντιγρά-

43 2773 125 2831 φους
145 2751 265 2829 θέντες
287 2750 325 2817 έν
347 2762 418 2827 τοῖς
441 2750 554 2834 ίεροῑς,
578 2743 692 2832 ἐπειδή
711 2746 856 2832 συνέστη
875 2741 1053 2831 Ῥωμαίοις

43 2851 121 2940 πρὸς
140 2853 199 2936 τάς
217 2860 377 2923 Λατίνων
396 2850 510 2932 πόλεις
532 2878 630 2940 κοινη
615 2853 933 2980 συνηρπαγμένας
955 2849 1052 2919 πόλε-

44 2985 160 3043 μοςου
121 2957 302 3052 ούβᾴόιος
325 2962 362 3028 έν
385 2956 488 3050 όλίγφ
510 2960 762 3044 καθαιρεθῆναι
787 2957 900 3049 χρόνῳ
925 2953 1032 3046 (6ssu
1012 2978 1092 3036 αςιε

111 3161 124 3209 1
143 3176 170 3210 τι
189 3155 211 3211 Ο
231 3174 261 3210 τε
280 3154 428 3242 Kiessling
477 3160 494 3208 4
513 3160 571 3217 τοις
589 3148 747 3223 φεύγουσιν
766 3151 909 3222 Kiessling
966 3157 982 3207 6
1000 3172 1051 3206 κα

45 3224 253 3294 ταβαλόντεςΒ
285 3223 496 3314 καταλαβόντες
515 3227 541 3280 R
622 3232 638 3280 9
662 3222 695 3280 δὲ
719 3241 773 3280 om.
797 3225 820 3278 B
902 3230 936 3278 10
959 3223 1050 3310 τῆςΒ

46 3295 134 3386 νῆνΒ.
211 3306 244 3354 11
269 3293 361 3388 χώρας
383 3293 398 3352 ὁ
415 3291 582 3383 μαχόμενος
604 3291 641 3366 ῆν
665 3296 687 3350 0
713 3296 867 3380 μιμελθιΒ
942 3301 975 3350 12
994 3289 1048 3349 ἆτ’

47 3367 118 3423 οἴκου
135 3370 180 3424 Ba
253 3375 288 3424 20
307 3363 540 3438 άυαπράξασοιΑ
613 3374 647 3423 23
668 3363 700 3422 έν
718 3367 756 3441 τῷ
776 3368 935 3437 φερωνείας
952 3361 1051 3421 ιεΙέν

47 3437 79 3508 τῷ
97 3437 200 3512 ίερῴο.
220 3441 358 3496 Bfleheler
439 3445 474 3494 24
496 3438 733 3525 συνηρπαγμένας
738 3423 780 3494 R
808 3436 1051 3509 συνισταμένοιςΒ

50 3513 309 3584 συνηρραγμένοςο.
327 3511 431 3567 Reiske
503 3516 538 3566 25
557 3504 641 3582 όλίγφ
661 3510 715 3564 del.
735 3509 878 3580 Kiessling
