2396 3918
454 258 621 310 „A-

43 434 108 483 κοσι
128 416 182 484 καί
201 421 288 505 τρία.
329 421 441 486 ἔπειτα
461 414 615 504 Ἀμόλιος
643 414 684 485 οὐ
712 413 777 484 σὺν
801 419 877 505 δίκη
900 414 963 503 τὴν
986 421 1045 502 βα-

44 528 157 592 σιλείαν
178 522 354 612 κατασχών
377 527 544 613 Νεμέτορι
567 523 824 612 προσήκουσαν,
853 518 890 602 ὃς
919 515 963 610 ἦν
986 522 1046 592 αὐ-

44 631 80 720 τῷ
100 629 319 719 πρεσβύτερος
346 628 510 719 ἀδελφός,
544 629 607 699 δύο
635 631 691 700 καὶ
718 628 961 718 τετταράκοντα
989 635 1044 716 ἔτη

45 737 233 807 δυναστεύει.
272 736 431 826 Ἀμολίου
455 737 493 805 δὲ
516 735 758 826 ἀναιρεθέντος
785 733 851 804 ὑπὸ
871 732 1085 822 Ῥωμύλουὸ
1186 751 1187 754 ’

43 841 86 908 καί
106 839 234 931 Ῥώμου
260 849 330 912 τών
358 847 395 912 ἐκ
425 848 485 931 τῆς
514 848 605 932 ίεράς
630 843 733 930 κόρης
760 842 969 928 γενομένων,
999 839 1046 922 ώς
1072 863 1087 904 ε

44 945 141 1016 αὐτίκα
167 949 388 1038 λεχθήσεται,
417 948 498 1038 μετὰ
528 950 588 1020 τὸν
617 953 749 1019 ἐκείνου
781 948 936 1017 θάνατον
964 946 1044 1016 ἀπο-

46 1053 186 1140 λαμβάνει
211 1055 274 1143 τὴν
297 1055 381 1126 κατὰ
400 1057 509 1145 νόμον
530 1060 734 1125 δυναστείαν
752 1057 915 1143 Νεμέτωρ
939 1052 1046 1124 ὁτών

49 1167 213 1230 νεανίσκων
241 1163 473 1250 μητροπάτωρ.
522 1167 568 1255 τῷ
598 1159 629 1230 δ’
656 1163 730 1248 ἑξῆς
758 1167 823 1230 ἔτει
850 1165 909 1247 τῆς
937 1164 1044 1250 Νεμέ-

44 1292 119 1354 τορος
144 1267 267 1356 ἀρχῆς,
296 1271 443 1360 δευτέρῳ
477 1268 515 1336 δὲ
546 1269 603 1336 καὶ
634 1272 819 1360 τριακοστῷ
847 1268 903 1336 καὶ
932 1293 1044 1354 τετρα-

9 1381 190 1469 [εοκοσιοστῷ
217 1374 299 1463 μετὰ
325 1373 387 1462 τὴν
409 1372 512 1442 Ἰλίου
535 1371 678 1460 ἀλωσιν,
707 1372 865 1442 ἀποικίαν
894 1379 1041 1444 στείλαν-
1058 1405 1084 1445 ιο

38 1505 80 1559 τις
103 1479 261 1569 Ἀλβανοὶ
290 1479 482 1568 Ῥωμύλου
501 1481 557 1547 καὶ
589 1477 722 1567 Ῥώμου
757 1477 819 1568 τὴν
855 1478 1043 1570 ἡγεμονίαν

38 1584 123 1674 αὐτῆς
167 1587 318 1676 ἑχόντων
363 1591 512 1669 κτίζουσι
553 1583 687 1675 Ῥώμην
727 1591 822 1668 ἔτους
863 1589 1043 1669 ένεστώτος

34 1693 154 1780 πρώτου
181 1699 244 1783 τῆς
271 1693 418 1782 ἑβδόμης
446 1692 669 1781 ὀλυμπιάδος,
703 1689 746 1780 ἣν
780 1696 873 1762 ένίκα
902 1694 1042 1763 στάδιον

34 1804 171 1888 Δαϊκλῆς
195 1800 403 1888 Μεσσήνιος,
427 1799 590 1889 ἀργοντος
606 1799 770 1887 Ἀθήνησι
791 1799 948 1889 Χάροπος
971 1806 1043 1881 έτος

32 1909 80 1990 της
100 1911 273 1987 δεκαετίας
294 1911 437 1996 πρώτον.
1056 1935 1081 1978 ιε

86 2033 220 2100 LXXII.
265 2029 560 2120 Ἀμφισβητήσεως
603 2028 640 2098 δὲ
681 2033 807 2117 πολλῆς
848 2029 951 2118 οὔσης
986 2033 1042 2100 καί

32 2137 178 2224 περὶτοῦ
208 2138 345 2226 χρόνον,
364 2141 424 2225 τῆς
445 2142 582 2216 κτίσεως
609 2137 665 2204 καὶ
693 2136 767 2223 περὶ
791 2141 860 2205 τών
884 2141 1042 2206 οίκιστών

31 2245 77 2328 τῆς
97 2244 229 2324 πόλεως
258 2243 341 2312 οὐδὲ
368 2242 469 2323 αὐτὸς
497 2242 592 2334 ᾤμην
621 2246 694 2311 δεῖν
720 2241 832 2331 ώσπερ
856 2240 1040 2330 ὁμολογού-

33 2373 101 2431 μενα
128 2349 216 2439 πρὸς
244 2347 404 2418 ἀπάντων
434 2351 467 2430 έξ
495 2350 677 2435 ἐπιδρομῆς
709 2351 874 2418 έπελθείν.
926 2349 1040 2437 Κεφά-

32 2461 86 2522 λων
114 2457 179 2545 μὲν
207 2455 271 2544 γὰρ
302 2454 319 2524 ὁ
344 2461 525 2543 Γεργίθιος
549 2456 763 2542 συγγραφεὺς
785 2454 926 2536 παλαιὸς
948 2456 1039 2524 πάνυ
1053 2486 1081 2526 εο

34 2563 158 2655 δευτέρᾳ
196 2566 296 2654 γενεᾷ
329 2561 410 2650 μετά
442 2559 503 2630 τὸν
531 2560 676 2630 Ἰλιακὸν
708 2561 854 2650 πόλεμον
887 2563 1038 2630 ἐκτίσθαι

33 2671 104 2753 λέγει
126 2668 192 2758 τὴν
215 2671 317 2739 πόλιν
340 2667 406 2738 ὑπὸ
430 2673 499 2737 τών
527 2670 561 2750 ἐξ
581 2666 684 2735 Ἰλίου
708 2671 949 2738 διασωθέντων
973 2669 1038 2738 σὺν

32 2779 148 2867 Αἰνείᾳ,
174 2775 327 2864 οἰκιστὴν
352 2775 390 2844 δὲ
413 2773 515 2862 αὐτῆς
538 2773 720 2861 ἀποφαίνει
738 2772 799 2843 τὸν
823 2773 1039 2863 ἡγησάμενον

32 2883 77 2966 τῆς
106 2882 264 2962 ἀποικίας
286 2880 432 2970 Ῥώμου,
464 2886 586 2951 τοῦτον
615 2878 647 2947 δ’
674 2879 762 2950 εἶναι
794 2886 862 2950 τών
896 2887 1039 2953 Αἰνείου

32 2991 150 3057 παίδων
175 2991 247 3057 ἕνα·
269 2990 428 3077 τέτταρας
451 2988 491 3056 δέ
511 3007 616 3075 φησιν
636 2991 756 3078 Αἰνείᾳ
779 2991 940 3076 γενέσθαι
963 3004 1035 3058 παῖ·
1051 3019 1077 3062 ει

35 3095 94 3180 δας,
117 3094 314 3182 Ἀσκάνιον,
342 3094 575 3183 Εὐρυλέοντα,
598 3092 787 3180 Ῥωμύλον,
811 3092 950 3184 Ῥῶμον.
993 3109 1037 3166 εί-

1129 1465 1149 1500 ιι

91 3302 382 3372 13ςοάΑλιὸςΑα
417 3303 643 3363 3δάοτεκαίΒ
698 3305 852 3378 θρέμονλ
890 3306 1035 3380 θμετά-

34 3372 151 3436 θάνατον
170 3382 223 3436 del.
242 3381 366 3436 Reudler
385 3380 475 3435 Tiroc.
494 3400 521 3451 p.
538 3387 570 3435 17
644 3383 659 3433 9
679 3374 768 3448 ἀργῆς
787 3375 888 3451 πρώτῳ
906 3382 952 3435 vel
972 3384 1035 3438 δευ-

34 3447 90 3521 τέρῳ
113 3469 137 3506 e.
157 3453 259 3508 Bkiske
325 3457 358 3507 19
377 3455 533 3520 παρελθεῖν
551 3451 574 3504 Β
594 3453 599 3521 Ι
619 3446 769 3518 κεφάλλων
781 3452 812 3504 ,Α
882 3457 917 3506 20
936 3451 1036 3523 γεργή-

36 3519 87 3582 διας
103 3523 151 3577 Bb
204 3531 238 3579 22
259 3521 289 3590 ἐξ
309 3524 420 3579 om.Ba
474 3529 509 3577 24
528 3521 657 3577 αίνείαΑ
712 3525 746 3575 26
766 3521 890 3590 φησινΒ
909 3527 1034 3590 φασινΒ

835 3610 875 3661 8*
