2408 3928
461 232 626 285 ..Β-

14 386 107 460 ῖειιὸν
128 387 254 476 θυρεὸν
278 389 360 459 κατά
383 395 443 478 τῆς
469 390 574 477 κόρης
600 391 654 458 καλ
679 405 750 470 τοῖς
773 389 889 470 ἀλλοις
911 415 1052 480 παρακε-

53 495 224 564 λεύσασθαι
251 496 353 566 ταύτὸ
382 513 504 567 ποιεῖν.
551 497 638 567 οῦτω
667 496 709 583 δὴ
732 499 946 585 βαλλομένην
969 499 1052 566 πάν-

53 611 142 671 τοθεν
163 602 225 690 τὴν
253 603 422 690 Τάρπειαν
446 602 511 673 ὑπὸ
533 603 688 691 πλήθους
710 631 744 673 τε
767 603 823 672 καὶ
847 602 961 690 ἰσχύος
983 610 1052 672 τῶν

54 713 173 796 πληγῦν
196 725 311 780 πεσεῖν
331 713 387 779 καὶ
408 720 721 800 περισωρευθεῖσαν
742 707 807 778 ὑπὸ
826 713 895 779 τῶν
914 715 1052 797 θυρεῶν

55 815 235 886 ἀποθανεῖν.
274 822 309 886 οί
330 819 367 886 δὲ
389 821 465 909 περὶ
487 816 549 887 τὸν
566 818 698 905 Φάβιον
722 819 776 886 ἐπὶ
797 832 869 898 τοῖς
888 824 1053 904 Σαβίνοις
1071 785 1093 913 25

55 929 173 994 ποιοῦσι
195 924 345 1014 τὴντῶν
365 924 556 1014 ὁμολογιῶν
580 923 724 1012 ἀπάτην·
748 928 828 995 δέον
846 923 911 1011 γάρ
931 923 1053 1005 αὐτοὺς

54 1031 104 1100 τὸν
124 1031 267 1121 χρυσόν,
292 1031 404 1121 ὥσπερ
427 1031 448 1120 ἡ
477 1033 623 1121 Τάρπεια
645 1031 757 1119 ἠξίου,
787 1030 870 1100 κατὰ
893 1029 951 1112 τάς
974 1029 1053 1120 ὁμο-

55 1145 154 1224 λογίας
189 1138 409 1225 ἀποδιδόναι,
445 1145 708 1226 χαλεπαίνοντας
745 1139 797 1207 oo
833 1142 879 1231 τῷ
917 1142 1053 1226 μεγέθει

57 1249 104 1314 τοῦ
132 1251 259 1334 μισθοῦ
289 1245 331 1316 τά
363 1246 587 1334 σκεπαστήρια
618 1244 689 1314 κατ’
716 1244 819 1332 αὐτῆς
845 1250 979 1332 βαλεῖν,
1010 1243 1054 1325 ὡς

56 1357 142 1420 ταῦτα
161 1351 215 1422 ὅτε
235 1352 397 1442 ῦμνυσαν
417 1352 501 1443 αὐτῇ
526 1352 649 1421 δώσειν
667 1350 928 1439 ὑπεσχημένους.
966 1357 1052 1420 ἔοικε
1068 1378 1094 1419 ιο

56 1457 86 1525 δὲ
112 1457 149 1527 τά
180 1459 262 1547 μετὰ
293 1466 398 1530 ταῦτα
430 1459 596 1549 γενόμενα
629 1459 690 1546 τὴν
724 1465 900 1539 Πείσωνος
931 1457 1053 1547 ἀληθε-

54 1567 160 1652 στέραν
182 1579 292 1635 ποιεῖν
313 1564 530 1655 [ἀπόκρισιν].
567 1566 679 1655 τάφου
697 1591 731 1634 τε
751 1564 815 1652 γάρ
835 1570 922 1633 ἔνθα
936 1571 1052 1635 ἔπεσεν
1072 1566 1092 1630 3

54 1659 175 1758 ἠξίωται
197 1671 259 1742 τὸν
283 1672 465 1762 ίεριάτατον
493 1678 552 1759 της
574 1673 703 1753 πόλεως
724 1675 909 1759 κατέχουσα
931 1673 1053 1762 λόφον,

53 1780 100 1846 καὶ
120 1778 197 1866 χοὰς
219 1777 303 1868 αὐτῇ
322 1777 479 1867 Ῥωμαῖοι
502 1778 581 1848 καθ’
604 1783 745 1848 ἕκαστον
769 1777 926 1848 ἐνιαυτὸν
950 1782 1053 1848 ἐπιτε-

54 1889 148 1972 λοῦσι,
171 1888 272 1976 (λέγοι
296 1885 333 1954 δὲ
356 1883 377 1953 ἀ
401 1893 537 1955 Πείσων
560 1886 698 1977 γράφει)
723 1878 772 1955 ῦν
802 1884 943 1967 οὐδενὸς
966 1886 1054 1967 είκδς
1067 1910 1093 1951 ιι

54 1990 164 2080 αὐτήν,
196 1996 228 2060 εί
258 1993 471 2080 προδιδοῦσα
507 1991 570 2080 τὴν
601 1997 746 2082 πατρίδα
781 2008 852 2072 τοῖς
883 1999 1055 2080 πολεμίοις

54 2097 229 2185 ἀπέθανεν,
263 2097 340 2168 οάτε
369 2099 459 2187 παρὰ
492 2104 560 2168 τῶν
587 2102 833 2185 προδοθέντων
861 2097 937 2167 οῦτε
964 2097 1054 2186 παρά

54 2210 110 2272 τῶν
131 2205 400 2275 ἀποκτεινάντων
423 2221 554 2294 τυχεῖν,
582 2205 746 2274 ἀλλὰκαὶ
774 2215 808 2274 εί
830 2231 862 2274 τι
889 2211 1053 2287 λείψανον

19 2311 146 2401 3’λλαάτῆς
171 2305 215 2401 ἦν
239 2317 300 2382 τοῦ
328 2313 481 2402 σώματος
508 2311 704 2400 ἀνασκαφὲν
733 2315 794 2394 ἔξω
823 2315 965 2399 ῥιφῆναι
989 2310 1053 2379 σῦν

56 2420 149 2510 χρόνῳ
176 2419 289 2507 φόβου
321 2445 357 2488 τε
382 2420 439 2488 καλ
469 2418 660 2506 ἀποτροπῆς
689 2421 786 2487 ἕνεκα
814 2422 883 2487 τῶν
914 2417 1052 2506 μελλόν-
1066 2442 1094 2482 ιο

56 2551 109 2593 των
130 2524 169 2594 τά
193 2524 295 2612 ὅμοια
319 2529 415 2614 δρᾶν.
461 2524 535 2595 ἀλλ’
560 2523 644 2616 ὑπὲρ
674 2524 736 2613 μὲν
758 2523 889 2593 τούτων
911 2527 1052 2614 κρινάτω

56 2657 93 2710 τις
113 2629 154 2712 ῦς
176 2632 343 2718 βούλεται.
1089 2681 1091 2686 -

128 2741 275 2808 ΧΧΧΧΙ.
306 2737 342 2808 ‘0
365 2740 403 2808 δὲ
431 2740 550 2819 Τάτιος
575 2742 632 2808 καί
657 2743 691 2808 οί
713 2745 858 2825 Σαβῖνοι
882 2744 1053 2826 φρουρίου

56 2846 215 2935 γενόμενοι
246 2851 410 2935 καρτεροῦ
441 2846 554 2936 κύριοι
580 2847 636 2914 καί
663 2845 703 2915 τὰ
730 2855 867 2916 πλεῖστα
894 2850 953 2933 τῆς
975 2843 1052 2914 Ῥω-

113 3009 228 3063 2τοῦτο
247 3005 270 3062 0
290 3025 359 3063 oorr.
380 3007 501 3078 Sylburg
564 3004 650 3062 θεὸν
670 3025 724 3063 om.
744 3009 768 3062 A
788 2991 879 3061 ιδνΒ
948 3004 1049 3079 opon-

58 3079 140 3134 λεινΟ
167 3096 237 3134 corr.
261 3079 365 3135 Roiske
456 3086 488 3133 12
514 3074 690 3146 *ἀπόκρισιν
719 3079 741 3134 0
770 3077 873 3133 Roisko
900 3077 931 3131 in
958 3077 1052 3134 indice

58 3149 110 3204 tom.
127 3150 165 3205 VI
184 3168 247 3206 osv.
267 3145 416 3220 ἀπόκρισις
435 3151 498 3206 add.
518 3167 570 3220 pro
588 3144 766 3219 ἀπόφανσιςς
786 3143 933 3217 ἀπόφασις
952 3150 1053 3217 posteo

58 3215 79 3274 L.
95 3220 208 3277 Dindorf
224 3221 321 3291 Steph.
341 3239 362 3276 ε.
376 3239 403 3276 v.
423 3215 578 3290 ἀπόκρισις,
599 3220 721 3276 Sintonio
733 3221 794 3276 Em.
809 3219 890 3275 Dion.
907 3219 947 3272 111
964 3236 990 3288 p.
1009 3227 1051 3288 17,

59 3286 130 3346 Cobet
147 3293 211 3348 Obs.
230 3311 258 3362 p.
278 3299 313 3348 48
332 3292 460 3347 Ηειτλεὶο
479 3293 596 3347 Hermes
615 3291 640 3346 X
662 3311 689 3362 p.
709 3299 774 3360 41ος
799 3306 845 3344 mo
868 3289 960 3343 iudico
980 3285 1051 3344 ἀπό-

59 3378 132 3428 κρισιν
149 3365 301 3419 dolendum
319 3366 372 3433 est,
386 3361 554 3433 praeuertim
573 3381 637 3418 oum
656 3363 806 3418 collocatio
819 3360 896 3416 vocis
914 3360 982 3414 ferri
995 3377 1053 3416 non

59 3432 130 3497 possit
197 3443 233 3490 20
252 3436 414 3505 προτροπῆς
433 3435 456 3488 Ο
476 3452 546 3490 oorr.
562 3434 721 3505 Stephanus
794 3439 827 3488 22
847 3430 966 3501 κρινέτω
987 3431 1053 3486 ἓκα·

61 3519 108 3566 στος
124 3500 158 3568 ἀς
175 3523 199 3561 o.
219 3506 393 3578 Grasberger
410 3504 486 3562 Τεεε.
505 3506 620 3576 Herbip.
639 3525 667 3576 p.
688 3512 721 3559 13
793 3509 827 3558 23
846 3509 921 3564 τῖιος
939 3502 962 3556 Β

847 3589 891 3643 4*

301 3687 326 3728 ο
424 3667 427 3670 ’
831 3599 845 3644 1
