2404 3918
380 206 636 257 .-Γ..

12 362 227 448 σμεγάλους,
246 365 340 444 οἵους
358 365 393 432 οί
409 362 581 451 κράτιστοι
600 367 668 432 τῶν
686 368 878 432 θαλαττίων
897 363 1060 452 λιμένων·

35 463 54 537 ὃ
83 468 126 538 δὲ
149 469 293 560 μάλιστα
310 469 520 557 θαυμάσειεν
544 469 588 539 ἀν
605 497 666 557 τις,
691 468 752 540 ούκ
770 468 980 540 ἀποκλείεται
998 473 1058 540 τοῦ

35 575 209 665 στόματος
231 575 297 647 ὑπὸ
320 581 379 666 τῆς
400 581 583 658 θαλαττίας
604 577 707 660 θινός
734 577 1015 668 ἐμφραττόμενος,
1040 575 1058 648 ό

35 683 211 772 πάσχουσι
233 684 352 754 πολλοὶ
374 684 430 753 καὶ
452 687 520 754 τῶν
540 686 694 772 μεγάλων
716 689 887 774 ποταμῶν,
911 683 985 754 οὐθ’
1012 691 1060 765 είς

37 794 97 878 ἕλη
124 791 183 859 καί
205 790 583 881 τέλματαπλανῶμενος
605 790 724 862 ἀλλοτε
747 789 831 881 άλλη
849 816 1085 880 προκαταναε

38 904 192 968 λίσκεται
207 901 288 986 πρὶν
305 895 327 986 ἢ
345 902 386 988 τῇ
404 897 556 988 θαλάττῃ
575 898 726 982 συνάψαι
743 898 782 969 τὸ
801 902 955 989 ῥείθρου,
973 898 1059 969 ἀλλά

38 1005 289 1095 ναυσιπέρατός
321 1006 412 1076 ἐστιν
444 1001 498 1076 ἀεὶ
530 1006 586 1076 καί
619 1003 664 1074 δι’
696 1002 772 1086 ἑνὸς
808 1007 966 1076 ἐκδίδωσι
997 1011 1060 1076 τοῦ

42 1118 192 1199 γνησίου
217 1111 380 1201 στόματος
411 1110 611 1182 ἀνακόπτων
642 1111 702 1194 τάς
733 1118 912 1198 πελαγίους
943 1116 1060 1201 ῥαχίας

43 1223 99 1345 τῆς
121 1218 305 1306 θαλάττης,
327 1223 436 1289 καίτοι
458 1218 563 1301 πολῦς
587 1217 713 1290 αύτόθι
735 1224 864 1306 γίνεται
886 1221 942 1289 καὶ
965 1229 1060 1309 χαλε-

49 1324 107 1405 πὸς
134 1322 151 1394 ὁ
182 1323 340 1396 καίων’
322 1324 386 1397 απὸ
415 1353 474 1414 της
501 1324 690 1414 εσπίρας”
668 1353 800 1414 ανεμος.
845 1330 883 1395 αί
909 1321 1036 1415 μὲν
996 1354 1100 1427 ουν10

48 1433 205 1501 ἐπίκωποι
237 1437 317 1521 νῆες
349 1430 505 1520 ὁπηλίκαι
536 1431 610 1502 ποτ’
636 1429 680 1502 ἀν
715 1425 815 1503 οὖσαι
845 1434 972 1522 τύχωσι
1002 1388 1100 1502 καὶ0

45 1541 110 1606 τῶν
142 1536 297 1609 ὁλκάδων
325 1543 364 1610 αί
387 1541 483 1668 μέχρι
509 1539 793 1629 τρισχιλιοφόρων
822 1540 999 1628 είσάγουσί
1024 1567 1060 1610 τε

45 1643 100 1714 θιά
124 1651 187 1716 τοῦ
214 1647 377 1734 στόματος
407 1642 512 1716 αύτοῦ
539 1648 596 1716 καὶ
623 1648 719 1736 μέχρι
748 1675 807 1736 της
824 1645 953 1735 Ρω’μης
976 1652 1059 1736 είρε-

44 1758 99 1822 σία
124 1753 181 1821 καὶ
204 1753 329 1842 ῥύμασι
356 1754 599 1842 παρελκόμεναι
627 1779 692 1843 κομ
694 1757 900 1840 ίαζονται,ί
925 1755 964 1824 θλ
925 1759 1060 1844 θμεί-

46 1866 121 1941 ξονς
144 1859 208 1950 πρὸ
231 1865 292 1930 τοῦ
316 1860 479 1949 στόματος
502 1858 596 1930 ἐπ”
578 1865 737 1950 αγκυρῶν
760 1861 963 1930 σαλεύουσαι
986 1875 1059 1941 ταῖς
1074 1883 1100 1924 1⁵

45 1981 249 2055 ποταμηγοῖς
292 1966 550 2057 ἀπογεμίζονταί
587 1995 623 2037 τε
667 1968 724 2037 καὶ
767 1967 1059 2057 ἀντιφορτίζονται

46 2074 198 2160 σκάφαις.
244 2077 281 2144 ἐν
310 2075 347 2145 θλ
373 2079 420 2169 τῶ
450 2073 571 2164 μεταξύ
599 2079 661 2144 τοῦ
688 2101 724 2144 τε
746 2079 899 2164 ποταμοῦ
921 2075 978 2143 καὶ
1000 2071 1100 2161 τῆς4

7 2180 218 2269 οεοθαλάττης
243 2179 372 2269 ἀγκῶνι
407 2182 509 2252 πόλιν
542 2179 559 2250 ὁ
594 2179 751 2268 βασιλεύς
783 2184 978 2269 ἐντειχίσας,
1015 2176 1060 2267 ἣν

47 2285 111 2356 ἀπὸ
137 2292 200 2357 τοῦ
227 2287 477 2376 συμβεβηκότος
501 2286 638 2356 Ὠστίαν
666 2285 858 2375 ὠνόμασεν,
885 2284 929 2368 ῶς
957 2283 988 2354 θ’
1015 2281 1058 2354 ἀν

47 2391 140 2482 ἡμεῖς
170 2403 321 2484 εἴποιμεν
356 2393 488 2483 θύραν,
525 2391 569 2463 ού
603 2393 713 2482 μόνον
745 2391 941 2482 ἠπειρῶτιν,
973 2390 1058 2462 ἀλλά
1073 2415 1100 2457 ιο

48 2502 99 2570 καὶ
123 2507 309 2572 θαλαττίαν
332 2499 560 2587 παρεσκεύασε
582 2498 644 2588 τὴν
662 2497 795 2589 Ῥύμην
818 2500 980 2587 γενέσθαι
1003 2502 1059 2569 καὶ

50 2611 114 2678 τῶν
137 2611 343 2678 διαποντίων
366 2605 508 2695 ἀγαθῶν
532 2613 678 2695 ἔγευσεν.

132 2716 299 2785 XXXXV.
319 2713 476 2803 ’Βτείχισε
499 2714 538 2783 δὲ
557 2711 669 2783 καὶτὸ
688 2713 900 2802 καλούμενον
920 2711 1056 2782 Ἰανίκο-

51 2829 107 2890 λον
143 2821 224 2910 όρος
259 2819 393 2909 ὑψηλὸν
430 2823 581 2892 ἐπέκεινα
614 2824 676 2890 τοῦ
716 2823 873 2909 Τεβέριος
908 2825 1060 2909 ποταμοῦ

51 2934 199 3016 κείμενον
231 2930 288 3004 καὶ
320 2926 476 3017 φρουρὰν
511 2925 632 3015 ίκανὴν
665 2928 703 2996 ἐν
735 2925 826 3020 αύτῷ
858 2930 1058 3016 κατέστησεν
1073 2947 1099 2990 2⁵

52 3033 228 3122 ἀσφαλείας
262 3037 359 3104 ἕνεκα
390 3039 459 3104 τῶν
497 3033 554 3104 διὰ
590 3037 651 3103 τοῦ
687 3037 840 3122 ποταμοῦ
872 3034 1059 3104 πλεόντων·

1079 1299 1099 1364 3

118 3273 133 3321 3
152 3261 332 3338 ίμφραττομί
333 3286 385 3322 νου
399 3266 503 3322 Reiske
519 3268 523 3336 Ι
540 3262 637 3322 ἄλλοτε
656 3260 769 3320 ἀλλαΒ
842 3272 858 3321 9
876 3261 1059 3333 θαλάττηςΒ

54 3333 190 3423 θαλάσσης
217 3340 243 3394 Β
343 3344 376 3392 12
404 3333 631 3424 τροχηλιοφόρων
659 3336 685 3390 Α
782 3343 813 3392 17
842 3356 872 3392 τε
900 3336 923 3390 Β
951 3353 1005 3391 om
1034 3337 1059 3390 Β

56 3402 211 3536 {aarum}
229 3410 255 3464 A
271 3412 275 3481 Ι
291 3405 374 3464 πόλιν
390 3410 413 3463 Β
431 3404 517 3464 πάλιν
535 3412 572 3464 Α“
635 3414 667 3462 19
683 3403 788 3463 ῶοτίαν
806 3403 892 3464 Βε.’
870 3408 991 3462 ωστειάυ
1010 3407 1058 3461 Bb
