2396 3918
554 200 722 254 „A-

132 361 338 452 ὀργιάζουσι,
356 358 463 429 καὶτὸ
479 357 718 448 μυθευόμενον
733 355 944 441 Παλλάδιον,
958 352 977 422 ὅ
992 371 1075 441 φασι
1086 349 1137 430 τὰς

129 466 221 557 ίεράς
243 466 426 557 φυλάττειν
448 467 645 555 παρθένους
672 467 709 534 ἐν
731 466 803 556 ναῶ
831 466 987 550 κείμενον
1006 457 1138 543 Ἑστίας,

130 580 217 644 ἔνθα
243 574 300 643 καὶ
331 572 370 643 τὸ
393 572 570 642 άδάυατον
595 571 790 655 διασώζεται
812 573 893 656 πύρ’
925 565 1010 655 ὑπὲρ
1038 557 1085 634 ῶν
1107 568 1138 632 ἐν

130 679 258 773 ύστέρφ
281 679 480 769 λεχθήσεται
503 678 602 770 λόγφ.
648 687 700 766 είη
725 676 757 745 δ’
783 673 827 745 ἂν
854 677 911 744 καλ
932 672 1022 762 παρά
1045 676 1141 741 ταῦτα

102 802 201 868 ιτοῐς
227 787 385 875 βεβήλοις
411 783 492 874 ἡμῖν
521 783 630 872 άδηλα
654 787 758 872 ἕτερα.
803 785 859 852 καὶ
885 782 962 870 περὶ
990 780 1053 868 μὲν
1079 784 1142 848 τῶν
1192 851 1193 856 ,

135 898 295 982 Τρωικῶν
319 896 420 981 ίερῶν
442 896 589 962 τοσαῦτα
613 891 774 981 εἰρήσθω.

221 1021 320 1088 LXX.
353 1017 532 1087 Ἀσκανίου
565 1016 603 1085 δὲ
635 1015 748 1108 ὀγδόφ
779 1016 835 1085 καὶ
867 1017 1053 1106 τριακοστῷ
1086 1017 1146 1082 ἔτει

131 1129 190 1212 τής
212 1128 383 1212 βασιλείας
405 1122 667 1210 τελευτήσαντος
688 1123 857 1209 παρέλαβε
879 1118 942 1208 τήν
965 1118 1146 1208 ἡγεμονίαν

134 1229 296 1310 Σιλούιος
328 1227 476 1316 ἀδελφὸς
508 1224 557 1298 ῶν
582 1227 776 1315 Ἀσκανίου,
808 1227 889 1315 μετά
919 1225 980 1296 τὸν
1008 1232 1148 1297 Λίνείου

94 1359 120 1398 10
134 1337 289 1406 θάνατον
321 1336 504 1424 γενόμενος
536 1339 571 1405 ἔκ
604 1335 743 1416 Λαύνας
773 1339 832 1422 τῆς
861 1340 1012 1404 Λατίνου
1044 1343 1148 1420 θυγα-
1194 1337 1195 1346 ³

133 1443 227 1531 τρός,
255 1441 296 1512 ὅν
325 1461 430 1530 φασιν
457 1445 495 1511 ἔν
522 1457 594 1523 τοῖς
621 1442 738 1533 ὄρεσιν
760 1439 826 1511 ὑπὸ
851 1446 921 1511 τῶν
942 1444 1080 1529 νομέων
1103 1444 1148 1510 ἔκ·

94 1555 115 1618 2
133 1553 312 1638 τραφῆναι.
348 1552 410 1618 τού
423 1547 487 1638 γάρ
499 1547 679 1618 Ἀσκανίου
696 1551 951 1639 παραλαβόντος
972 1547 1038 1636 τήν
1059 1555 1151 1636 βασι-

134 1662 230 1726 λείαν
257 1654 413 1744 περιδεὴς
440 1653 462 1742 ή
486 1659 606 1724 Λαύυα
632 1659 798 1744 γενομένη
826 1655 871 1744 μή
892 1683 926 1725 τι
954 1653 1072 1725 δεινὸν
1095 1653 1148 1724 ὑπ’
1196 1725 1197 1732 ,

135 1761 240 1832 αὐτοῦ
268 1762 364 1851 πάδη
392 1759 476 1830 κατὰ
502 1760 540 1830 τό
567 1767 628 1854 τής
655 1767 818 1853 μητρυιᾶς
845 1760 968 1851 ὄνομα,
998 1763 1152 1851 ἐγκύμων

95 1897 122 1938 ιε
137 1861 223 1938 ούσα
264 1872 407 1938 δίδωσιν
450 1867 573 1957 ἑαυτήν
614 1875 777 1964 Τυρρηνῷ
816 1898 887 1940 τινι
928 1876 1149 1959 συοφορβίων
1157 1883 1191 1934 ιῖί

137 1978 314 2065 ἐπιμελητῇ
342 1979 543 2063 βασιλικῶν,
571 1972 612 2044 δν
639 1975 715 2066 ᾔδει
738 1982 873 2068 Λατίνςο
901 1975 1090 2065 γενόμενον
1118 1979 1155 2045 ἐν

136 2097 207 2163 τοῖς
229 2081 372 2170 μάλιστα
394 2081 620 2171 προσήγορον.
651 2081 718 2151 ὁδ’
735 2089 783 2164 είς
805 2081 888 2164 ύλας
910 2082 1057 2171 ἐρήμους
1075 2082 1156 2171 ιἰγα-

137 2187 208 2278 γῶν
236 2187 342 2276 αύτήν
372 2185 416 2268 ῶς
443 2192 512 2257 τῶν
536 2193 766 2277 ἐπιτυχουσῶν
788 2217 880 2277 τινα,
904 2189 1158 2278 φυλαττόμενος

137 2295 291 2384 ὀφθῆναι
313 2309 385 2376 τοῖς
407 2293 538 2363 είδόσιν
554 2300 692 2384 ἔτρεφεν
716 2299 754 2365 ἔν
778 2301 816 2386 τῇ
839 2296 930 2385 νάπη
952 2298 1158 2367 κατασκευά-

97 2431 124 2471 εο
138 2422 199 2484 σας
236 2396 369 2489 οίκησιν
404 2400 448 2471 οὐ
484 2409 622 2483 πολλοῖς
653 2401 827 2492 γνῶριμον
858 2405 915 2473 καὶ
946 2403 984 2472 τὸ
1016 2409 1158 2474 παιδίου

137 2509 325 2596 γενόμενον
352 2507 544 2598 ἀναιρεῖταί
568 2535 603 2578 τε
625 2510 682 2579 καὶ
705 2512 820 2598 τρέφει
842 2509 1008 2578 Σιλούιον
1034 2509 1160 2600 ὀνομά-

139 2634 200 2695 σας
226 2613 291 2684 άπδ
319 2618 378 2702 τής
405 2614 503 2704 ὕλης,
532 2614 642 2704 ῶσπερ
673 2611 717 2684 ἂν
741 2624 775 2684 εί
793 2643 843 2697 τις
860 2613 998 2685 Ἐλλάδι
1022 2617 1159 2707 γλῶσση

99 2723 263 2802 3λέξειεν
291 2718 434 2790 Ὑλαῖον.
480 2722 608 2810 χρόνον
641 2721 678 2791 δὲ
719 2722 899 2812 προϊόντος
941 2721 986 2804 ῶς
1028 2724 1161 2813 πολλὴν

140 2826 275 2913 ζήτησιν
299 2831 386 2913 ἔγνω
409 2831 467 2914 τής
489 2828 650 2916 γυναικὸς
673 2827 739 2898 ὑπὸ
759 2834 827 2899 τῶν
842 2835 1001 2900 Λατίνων
1025 2832 1163 2920 γινομὲ·

100 2952 126 2993 25
139 2960 206 3019 νην
234 2933 291 3001 καὶ
319 2930 364 2999 δι’
390 2939 498 3014 αίτίας
525 2933 608 3004 ὄντα
630 2934 720 3025 παρὰ
742 2938 788 3028 τῷ
816 2935 940 3024 πλήθει
962 2935 1025 3006 τὸν
1045 2936 1163 3007 ’Λσκά-

214 3181 467 3268 1μεμο<δευμένοκ
491 3182 513 3237 Ο
538 3201 608 3242 corr.
631 3183 775 3257 Kiessling
846 3192 862 3240 3
886 3181 1007 3252 σῶζεται
1028 3187 1052 3242 Β
1126 3189 1165 3237 14

290 3271 326 3307 τα

141 3319 227 3394 κατὰ]
247 3344 285 3378 κα
330 3318 362 3378 τὸ
383 3325 420 3410 Β(
485 3330 516 3379 15
540 3321 683 3395 τυράννων
701 3328 778 3382 ΑΒα
806 3323 932 3398 συρρηνῶ
951 3327 999 3383 Bb
1025 3331 1029 3399 Ι
1055 3345 1168 3396 συφορ-

143 3394 254 3479 βμωνΒ
286 3460 293 3480 μ
342 3400 381 3479 16,
399 3413 439 3447 ων
462 3395 508 3448 Ba
593 3403 627 3451 20
656 3399 766 3466 οἴκησιν
788 3390 823 3468 ής
854 3395 886 3453 τό
912 3394 1168 3470 ἔγκυμονούμενον

143 3480 345 3531 αποκυησασης
363 3469 525 3533 αναιρεῑται
544 3466 566 3520 0
585 3469 698 3534 praeter
715 3470 738 3522 Β
816 3475 850 3523 23
869 3468 944 3536 λε’ξει
962 3471 1009 3524 Ba
1026 3469 1094 3538 λέξη
1112 3467 1169 3522 Bb
