2404 3918
525 279 693 329 ..Γ-

95 445 177 505 λετο
201 435 263 524 μὲν
286 434 476 504 ἀποδοῦναι
495 448 566 515 τοίς
584 431 692 523 ῆρωσι
715 432 779 521 τῆν
798 431 912 521 εόχῆν,
935 436 972 502 ἐν
993 430 1118 524 άπορίμ

96 543 140 612 δέ
172 536 216 631 ῆν
248 546 355 632 πολλῆ
386 540 447 611 τὸν
485 532 644 629 μέγιστον
676 539 718 609 οὐ
750 540 940 628 δυνάμενος
972 541 1118 627 ἐξευρεῖν

95 651 239 739 βότρυν.
285 647 469 737 ἀδημονῶν
498 647 530 716 δ’
561 650 614 716 ἐπὶ
641 651 687 740 τῷ
715 646 884 736 πράγματι
913 644 991 726 τοὺς
1015 643 1119 725 θεοὺς

95 756 199 845 ῆξίον
227 754 272 824 δι’
303 759 438 826 οἰωνῶν
466 753 619 843 φανερὸν
653 752 742 846 αὐτῷ
770 758 909 843 ποιῆσαι
936 751 974 822 τὸ
1004 753 1120 841 ζητού-

96 890 216 953 μενον.
262 861 363 932 ἔπειτ’
390 865 538 931 ἐπελθὸν
567 860 657 954 αὐτῷ
684 861 767 930 κατὰ
795 864 942 949 δαίμονα
965 863 1041 948 διχῆ
1065 860 1145 928 νέ-τ

97 997 157 1057 μει
183 969 245 1039 τὸν
272 967 469 1057 ἀμπελῶνα,
497 968 625 1057 θάτερα
652 968 714 1056 μὲν
742 965 848 1037 αὐτοῦ
877 965 1060 1054 λαμβάνων
1084 968 1120 1034 ἐκ

99 1079 225 1163 δεξιᾶς,
247 1076 377 1165 θάτερα
402 1073 434 1143 δ’
457 1078 490 1157 ἐξ
513 1074 700 1164 ἀριστερᾶς,
724 1073 832 1143 ἔπειθ’
854 1071 938 1158 ὑπὲρ
962 1074 1120 1160 ἑκατέρου

97 1187 171 1252 τῶν
213 1188 325 1272 μερῶν
367 1180 446 1263 τοὺς
484 1183 753 1269 παρακειμένους
796 1179 940 1261 οἰωνοὺς
978 1179 1120 1249 ἐσκόπει.

99 1293 284 1377 φανέντων
308 1287 339 1357 δ’
366 1290 420 1358 ἐπὶ
442 1290 592 1376 θατέρου
614 1290 737 1375 μέρους
760 1285 929 1376 ὀρνίθων,
954 1291 1038 1356 οἵων
1062 1284 1121 1355 αό-

99 1394 161 1476 τὸς
190 1396 362 1483 ἐβούλετο,
393 1394 496 1464 πάλιν
528 1396 636 1463 ἐκεῖνο
669 1397 746 1484 διχῆ
782 1393 891 1484 διῄρει
923 1392 960 1462 τὸ
994 1398 1121 1481 χωρίον
1135 1427 1162 1468 ιο

100 1503 160 1571 καλ
182 1500 260 1581 τοὺς
283 1501 430 1589 όρνιθας
453 1504 599 1590 διέκρινε
621 1499 700 1580 τοὺς
721 1502 1016 1588 παραγινομένους
1036 1497 1120 1568 κατὰ

42 1607 146 1681 οεετδ
170 1607 261 1677 αὐτό.
312 1607 414 1698 ταότη
447 1606 618 1696 χριόμενος
649 1610 689 1696 τῆ
719 1609 880 1694 διαιρέσει
909 1611 977 1675 τῶν
1007 1606 1120 1675 τόπων

100 1716 159 1784 καὶ
190 1713 252 1803 τῆν
291 1714 434 1804 ἐσχάτην
467 1712 532 1782 ὑπὸ
570 1718 639 1782 τῶν
673 1710 827 1801 ὀρνίθων
859 1711 1121 1800 ἀποδειχθεῖσαν

101 1821 254 1910 ἄμπελον
277 1818 438 1890 ὑπελθῶν
458 1818 604 1908 εὑρίσκει
623 1819 767 1907 βότρυος
790 1818 933 1888 ἄπιστόν
954 1844 987 1887 τι
1011 1823 1122 1906 χρῆμα

101 1930 159 1997 καί
181 1926 287 1997 αὐτὸν
311 1929 426 2016 φέρων
446 1927 498 1995 ἐπὶ
520 1925 583 2014 τῆν
605 1925 750 1995 καλιάδα
769 1930 836 1994 τῶν
859 1923 982 2015 ῆρῶων
1001 1923 1119 2014 ὁρᾶται
1136 1957 1160 1999 15

103 2034 188 2124 πρὸς
219 2039 281 2104 τοῦ
312 2033 446 2123 πατρός.
500 2033 716 2123 θαυμάσαντι
750 2033 788 2102 δέ
820 2032 858 2102 τὸ
891 2034 1034 2121 μέγεθος
1063 2035 1158 2118 τῆς4

104 2145 278 2229 σταφυλῆς
301 2142 359 2210 καλ
380 2141 491 2210 πόθεν
518 2140 648 2228 εἰλήφει
675 2142 927 2232 πυνθανομένῳ
959 2141 1122 2226 διηγεῖται

103 2248 215 2318 πάντα
238 2250 272 2330 ἐξ
294 2246 407 2337 ἀρχῆς.
454 2245 472 2317 ό
497 2246 529 2315 δ’
554 2245 747 2335 δπολαβῶν,
771 2246 852 2334 ὅπερ
875 2239 931 2335 ῆν,
954 2244 1123 2334 ἐμφύτους

105 2355 200 2424 εἰναί
226 2382 321 2436 τινας
356 2354 460 2444 άρχδις
491 2359 653 2443 μαντικῆς
689 2357 726 2423 ἐν
757 2359 803 2446 τῷ
840 2358 951 2441 παιδί,
983 2358 1123 2441 κομίσας

106 2460 212 2532 αὐτὸν
242 2467 290 2543 εἰς
318 2459 381 2549 τῆν
410 2459 512 2530 πόλιν
542 2458 747 2548 γραμμάτων
781 2460 997 2541 διδασκάλοις
1028 2465 1122 2528 συνί-
1137 2491 1164 2533 ιο

106 2588 239 2655 στησιν·
262 2569 332 2637 ἐπεὶ
352 2566 389 2635 δέ
407 2570 465 2655 τῆς
482 2571 600 2654 κοινῆς
617 2571 770 2647 παιδείας
787 2564 1011 2656 άποχρῶντως
1033 2574 1123 2654 μετέ-

106 2681 200 2762 λαβε,
236 2677 423 2763 Τυρρηνῶν
459 2671 564 2742 αὐτὸν
599 2677 811 2764 παραδίδωσι
847 2677 892 2766 τῷ
930 2674 1123 2765 λογιωτάτῳ

107 2781 170 2870 τῆν
194 2778 462 2869 οἰωνοσκοπικὴν
483 2782 605 2868 τέχνην
624 2781 931 2868 διδαχθησόμενον.
976 2787 1062 2869 έχων
1086 2781 1123 2850 δὲ
1142 2785 1163 2852 5

106 2887 171 2977 τῆν
199 2894 349 2977 ἔμφυτον
377 2885 395 2956 ὁ
427 2890 552 2974 Νέβιος
581 2885 746 2976 μαντικῆν
774 2889 831 2957 καλ
858 2887 920 2975 τῆν
948 2892 1124 2975 ἐπίκτητον

182 3113 334 3174 όέλθό·ν
356 3118 379 3172 Β
404 3117 410 3189 Ι
434 3118 512 3187 διγῆι
535 3119 560 3171 A
588 3117 654 3186 διχῆ
679 3116 702 3170 Β
727 3119 731 3186 Ι
755 3115 854 3189 νέμειν
877 3118 900 3174 O
929 3136 998 3174 corr.
1022 3119 1125 3174 Reiske

110 3199 127 3248 8
145 3188 392 3261 παραγινομένους
410 3206 434 3244 ο.
448 3189 577 3244 Hertlein
590 3188 707 3244 Hermos
721 3189 747 3244 X
760 3207 788 3260 p.
798 3194 860 3259 412,
875 3187 964 3246 Cobet
977 3189 1042 3246 Obs.
1053 3209 1080 3260 p.
1091 3197 1125 3246 73

110 3268 200 3319 9-13
223 3259 310 3318 verba
337 3261 406 3315 οἰων
441 3255 641 3322 αὐτὸς-τῶν
672 3255 799 3330 ὀρνίθων
827 3277 882 3317 om.
900 3263 926 3316 A
1003 3268 1036 3315 11
1060 3257 1125 3316 άνέ-

109 3351 190 3404 κρινε
218 3349 241 3387 ο.
269 3331 411 3402 Kiessling
436 3331 482 3385 Pr.
509 3332 573 3386 Βεε.
600 3337 664 3402 ρ.3
751 3338 785 3387 14
813 3329 944 3387 ἐπελθόν
972 3349 996 3387 ο.
1023 3332 1125 3388 Reiske

112 3411 146 3460 15
160 3398 284 3459 καλιάδα
296 3403 319 3457 Β
339 3398 442 3457 καλιάν
455 3403 481 3456 R
549 3409 582 3458 17
598 3397 712 3473 εἰλῆφοι
725 3402 853 3458 Hortlein
863 3402 1017 3459 HermesX
1030 3421 1058 3473 p.
1073 3410 1125 3459 412

112 3482 148 3532 18
167 3470 195 3530 δ’
215 3469 367 3547 ῶπολαβῶν
385 3476 410 3528 A
438 3471 470 3528 δέ
494 3468 574 3529 δπολ.
593 3475 619 3528 R
696 3480 728 3529 19
751 3470 888 3546 μαντικὰς
911 3477 936 3529 Α
1008 3481 1042 3530 21
1063 3470 1126 3531 ἐπεὶ

111 3545 145 3602 δὲ
165 3547 188 3600 Β
207 3541 306 3614 ἐπειδὴ
326 3543 359 3600 δὲ
378 3544 403 3599 R
419 3546 423 3614 Ι
438 3546 525 3602 verba
543 3545 871 3614 κοινῆς-παραδίδωσι
889 3563 943 3602 om.
963 3547 1009 3602 Ba
