2412 3912
3 383 5 406 ¹
36 381 78 448 καί
100 384 207 466 πρῶτα
235 380 441 469 θεωρήματα
464 394 533 463 τοῖς
560 383 742 470 ἱστορικοῖς
768 381 934 452 εἶναικαὶ
957 391 1034 452 πολ·

3 487 4 502 ³
35 483 87 572 λήν
120 486 344 574 ποιησάμενος
380 486 582 576 ἀμφοτέρων
619 492 809 577 ἐπιμέλειαν
842 487 919 558 οὔτε
951 515 1034 578 παρ-

35 599 133 660 ελθεῖν
146 592 204 661 τὸν
217 590 304 681 ὑπὲρ
318 590 432 663 αὐτῶν
446 593 550 681 λόγον
570 595 774 683 ἐβουλήθην,
790 595 866 665 οὔτε
885 597 922 665 έν
942 596 1032 688 ἀλλην

3 703 4 706 ’
33 700 89 766 τινὶ
117 699 204 790 τόπῳ
237 707 464 787 καταχωρίσαι
496 704 625 788 μᾶλλον
653 698 673 789 ή
703 707 748 794 τῶ
776 709 941 794 προοιμίῳ
973 707 1033 790 τής

33 811 246 892 πραγματείας.
1046 848 1059 888 ⁵

106 915 144 980 Π,
169 911 240 999 Τήν
263 913 328 1000 μὲν
352 903 415 982 οὖν
437 911 603 983 ὑπόθεσιν
626 913 678 983 ὅτι
701 914 807 1002 καλήν
830 923 953 1003 είληφα
976 916 1032 986 καὶ

36 1023 246 1106 μεγαλοπρεπῆ
270 1020 327 1088 καί
350 1029 488 1102 πολλοῖς
510 1019 683 1109 ῶφέλιμον
712 1019 754 1091 οό
777 1026 915 1110 μακρῶν
939 1020 1032 1109 οἶμαι

9 1123 151 1210 οδεήσειν
177 1131 293 1212 λόγων
324 1137 396 1207 τοϊς
424 1155 462 1214 γε
490 1126 533 1216 δή
567 1126 610 1215 μή
644 1129 855 1197 παντάπασιν
889 1126 1032 1217 ἀπείρως

33 1233 130 1316 ἔγονσι
150 1236 207 1318 τής
230 1237 349 1320 κοινῆς
370 1236 526 1322 ίστορίας.
568 1239 600 1302 εί
616 1234 683 1324 γάρ
705 1262 756 1316 τις
774 1234 951 1322 ἐπιστήσας
967 1229 1030 1322 τήν

31 1336 169 1406 διάνοιαν
193 1338 247 1406 ἐπὶ
270 1337 328 1420 τὰς
351 1342 626 1428 παραδεδομένας
653 1343 689 1410 έκ
716 1345 778 1410 τοῦ
800 1341 1031 1430 παρεληλυθό·
1045 1370 1071 1412 ιο

27 1469 72 1522 τος
96 1443 222 1531 χρόνον
249 1445 382 1514 πόλεῶν
409 1473 444 1514 τε
470 1447 527 1514 καί
555 1449 670 1516 ἐθνῶν
697 1445 892 1536 ἡγεμονίας,
920 1453 1030 1517 ἔπειτα

25 1551 114 1638 χωρίς
144 1551 288 1638 έκάστην
323 1557 459 1622 σκοπῶν
490 1554 547 1622 καὶ
578 1552 657 1643 παρ’
689 1553 834 1641 ἀλλήλας
871 1554 1029 1636 ἐξετάζων

24 1658 198 1742 διαγνῶναι
222 1664 426 1748 βουληθείη,
453 1665 503 1738 τίς
531 1658 643 1729 αὐτῶν
671 1658 779 1748 ἀρχήν
808 1686 843 1728 τε
871 1667 1029 1748 μεγίστην

24 1761 169 1850 ἐκτήσατο
192 1765 250 1832 καί
277 1765 413 1853 πράξεις
440 1763 634 1848 ἀπεδείξατο
664 1765 897 1853 λαμπροτάτας
924 1769 961 1835 ἐν
984 1770 1029 1834 εί

23 1867 96 1958 μήνη
119 1895 154 1938 τε
176 1871 233 1938 καί
255 1870 338 1940 κατά
361 1873 542 1960 πολέμους,
569 1877 685 1966 μακρῷ
716 1872 759 1960 δή
782 1898 849 1941 τινι
871 1871 934 1959 τήν
951 1870 1027 1940 Ῥω·
1043 1899 1069 1940 15

23 1981 120 2058 μαίων
141 1975 328 2064 ήγεμονίαν
352 1976 482 2060 ἀπάσας
510 1976 808 2068 ὑπερβεβλημένην
832 1976 949 2060 ὄψεται
971 1977 1030 2059 τὰς

20 2081 74 2168 πρό
97 2080 201 2170 αὐτῆς
224 2086 538 2173 μνημονευομένας,
566 2085 609 2154 οά
636 2085 747 2172 μόνον
769 2083 852 2154 κατά
874 2083 911 2153 τὸ
936 2086 1029 2172 μέγε-

21 2194 74 2267 θος
92 2193 152 2276 τής
176 2187 281 2277 ἀρχῆς
303 2192 359 2260 καὶ
387 2194 470 2260 κατὰ
493 2191 530 2260 τδ
559 2191 683 2271 κάλλος
705 2195 773 2260 τῶν
797 2188 965 2279 πράξεων,
989 2187 1028 2271 ἀς

21 2292 102 2363 οὕτω
125 2295 310 2384 κεκόσμηκε
337 2296 439 2384 λόγος
467 2295 578 2377 οὐδεὶς
602 2295 717 2383 ἀξίως,
748 2294 832 2364 ἀλλά
859 2296 915 2363 καὶ
943 2294 1026 2364 κατά

19 2397 49 2466 τὸ
70 2405 174 2488 μήκος
195 2406 259 2470 τοῦ
282 2402 539 2491 περιειληφότος
566 2401 673 2490 αὐτήν
698 2401 826 2490 χρόνου
849 2403 944 2490 μέχρι
967 2405 1026 2488 τής
1041 2431 1067 2471 ιο

18 2509 87 2574 καθ’
107 2505 194 2596 ήμάς
211 2505 353 2595 ήλικίας.
392 2507 412 2596 ή
433 2509 494 2597 μὲν
512 2508 577 2596 γάρ
593 2508 778 2597 Ἀσσυρίων
797 2504 881 2596 ἀργή
901 2507 1026 2575 παλαιά
1045 2512 1066 2577 2

3 2629 60 2691 ’τις
82 2606 167 2682 οὖσα
194 2615 251 2682 καὶ
280 2620 328 2695 είς
354 2614 436 2695 τοὺς
465 2615 631 2703 μυθικοὺς
659 2613 850 2703 ἀναγομένη
881 2613 1026 2702 χρόνους

18 2716 126 2806 ὀλίγον
147 2720 241 2801 τινὸς
264 2721 426 2808 ἐκρότησε
453 2726 512 2811 ιής
532 2721 641 2802 Ἀσίας
667 2724 799 2808 μέρους.
843 2718 865 2807 ή
888 2721 927 2790 δὲ
950 2729 1022 2809 Μη-

16 2825 84 2912 δικὴ
115 2830 310 2898 καθελοῦσα
348 2827 412 2916 τήν
442 2826 627 2917 Ἀσσυρίων
663 2829 719 2896 καὶ
756 2833 891 2914 μείζονα
924 2831 1024 2896 δυνα-

16 2939 122 3002 στείαν
142 2936 390 3023 περιβαλομένη
413 2935 540 3023 χρόνον
563 2935 604 3004 οά
628 2933 737 3004 πολὺν
760 2935 928 3021 κατέσχεν,
952 2930 1020 3002 ἀλλ’
1039 2961 1065 3003 ιε

15 3039 61 3106 ἐπὶ
93 3043 150 3126 τής
181 3039 340 3130 τετάρτης
371 3042 541 3129 κατελύθη
572 3045 697 3128 γενεᾶς.
757 3042 888 3126 Πέρσαι
921 3040 958 3108 δὲ
991 3042 1027 3108 οί

79 3276 96 3324 4
113 3272 313 3342 καταγωρήσαι
328 3270 376 3326 ΑΒ
442 3277 474 3326 12
493 3269 710 3341 παραλλήλαςΒ
767 3276 800 3325 14
819 3268 1023 3334 ἐπεδείξαποΑ

17 3345 44 3390 19
62 3335 196 3406 ἀξιοςΒει
260 3348 293 3397 21
310 3345 388 3398 otu
407 3337 530 3412 ἀσνρίων
545 3343 587 3396 Ba
665 3347 699 3396 25
718 3339 940 3411 περιβαλλομένη
956 3339 1023 3392 ΑΒκ

15 3409 487 3540 καταθείομαι
506 3413 874 3552 θιλιιλῑλκεκ
935 3413 969 3462 ²⁶
989 3405 1021 3462 ί

3 3585 4 3594 ,
825 3567 860 3619 1*
