2404 3918
561 211 728 264 ..Γ-

57 416 66 432 .
135 370 208 436 δεῖν
231 365 314 437 κατὰ
336 365 374 436 τὸ
393 367 514 456 παρόν,
538 369 600 448 ἕως
618 362 662 436 ἀν
680 364 741 456 ὑφ’
764 368 870 460 ἑαυτῷ
894 365 1071 454 ποιήσηται
1091 365 1146 434 τὸν

134 471 260 562 ἀνδρα,
287 470 362 543 ἀλλ’
388 477 539 546 ἐπαινεῖν
566 499 601 544 τε
627 472 691 563 τὴν
721 472 937 564 ἀναχώρησιν
960 471 1066 542 αὐτοῦ
1088 471 1146 559 τὴν
1194 513 1195 536 ι

135 581 188 649 ἐπί
211 579 251 650 τά
274 582 422 672 μετέωρα
444 580 529 671 πρὸς
550 579 697 663 πολλοὺς
719 586 788 652 τῶν
812 580 992 667 παρόντων
1016 578 1062 662 ὡς
1085 578 1145 648 ἀπὸ

134 686 258 769 παντὸς
285 692 346 758 τοῦ
373 694 548 775 βελτίστου
575 691 764 777 γενομένην
793 688 971 776 ἐσκήπτετο
997 689 1053 757 καί
1082 692 1145 756 των

108 797 263 864 δίππέων
291 794 415 884 μοίράν
443 821 520 864 τινα
542 797 674 883 πέμψας
701 792 747 876 ὥς
773 793 877 866 αὐτὸν
901 793 998 884 ἠξίου
1019 801 1146 864 τελείαν

135 899 379 984 ἀποδείξασθαι
410 901 473 990 τὴν
504 907 718 992 προθυμίαν,
749 901 829 983 τοὺς
861 901 906 991 μὴ
938 903 1147 988 δυνηθέντας

135 1012 182 1088 είς
208 1005 250 1077 τά
276 1014 366 1098 τείχη
394 1014 463 1079 τάν
489 1013 688 1097 Φιδηναίων
714 1009 939 1098 καταφεύγειν
962 1006 1036 1078 ἀλλ’
1063 1010 1147 1077 έσκε-

136 1117 325 1203 δασμένους
356 1114 422 1184 ἀνά
454 1114 517 1204 τὴν
548 1114 662 1205 χάραν
696 1114 843 1204 συχνοὺς
875 1113 977 1197 όντας
1005 1115 1146 1184 κελεύων

95 1223 116 1287 3
136 1221 405 1311 διερευνώμενον
427 1221 647 1292 ἀποκτείνειν.
691 1221 846 1302 κάκεῖνος
869 1219 915 1302 ὡς
933 1222 1086 1310 θάτερον
1104 1213 1145 1290 ὧν

95 1355 121 1396 10
134 1325 253 1415 ἤλπισε
295 1331 584 1418 διαπεπραγμένος
628 1329 684 1398 καί
726 1326 880 1417 λεληθὼς
919 1325 981 1398 τὸν
1022 1328 1144 1398 Τύλλον

135 1437 248 1523 ἔχαιρέ
276 1462 312 1506 τε
343 1437 399 1505 καὶ
430 1438 526 1524 μέχρι
563 1440 692 1507 πολλοῦ
728 1435 950 1505 καθιππεύων
981 1438 1024 1505 τὰ
1056 1439 1141 1504 πεδία

134 1540 213 1621 τοὺς
243 1543 605 1632 καταλαμβανομένους
638 1545 852 1632 διέφθειρεν,
884 1541 951 1630 ἤδη
985 1540 1024 1610 δέ
1057 1546 1139 1610 δεδι

134 1645 231 1726 κότος
253 1644 352 1734 ἡλίου
374 1647 453 1730 τοὺς
475 1652 593 1730 ίππέας
615 1642 696 1737 ἧκεν
719 1646 813 1736 άγων
834 1650 887 1718 ἐπὶ
910 1646 949 1719 τὸ
974 1647 1141 1734 στρατόπε

136 1757 200 1821 δον
215 1752 253 1822 τὸ
268 1752 453 1843 Ῥωμαϊκὸν
473 1758 509 1826 ἐκ
531 1758 592 1826 τοῦ
612 1758 764 1844 διωγμοῦ
782 1757 838 1824 καί
856 1753 919 1844 τὴν
938 1756 1143 1824 ἐπελθοῦσαν

134 1859 240 1928 νύκτα
263 1863 300 1930 ἐν
324 1860 521 1945 εὐπαθείαις
542 1862 612 1951 ἅμα
630 1877 700 1943 τοῖς
719 1864 863 1949 ἑταίροις
881 1855 934 1950 ἦν.
970 1860 988 1930 ὁ
1009 1860 1046 1932 δὲ
1070 1859 1143 1930 Ἰόλ-

134 1974 193 2047 λος
222 1970 259 2036 ἐν
287 1973 332 2062 τῷ
361 1969 578 2040 Οὐιεντανῶν
610 1970 729 2058 χάρακι
757 1975 875 2059 μείνας
906 1967 983 2057 άχρι
1015 1968 1182 2057 πράτηςεεί

135 2079 288 2164 φυλακῆς
318 2078 373 2146 καί
404 2077 484 2159 τοὺς
515 2076 802 2166 ἐπιφανεστάτους
832 2082 902 2147 τῶν
930 2075 1144 2165 αἰχμαλώτων

135 2179 333 2270 ἀνακρίνας,
360 2189 449 2265 τίνες
476 2177 564 2271 ἦσαν
593 2187 630 2253 οί
652 2188 712 2272 τῆς
738 2183 952 2264 ἀποστάσεως
979 2180 1143 2271 ἡγεμόνες,

136 2285 181 2369 ὡς
209 2295 314 2377 ἔμαθε
341 2290 397 2358 καὶ
423 2289 485 2358 τὸν
505 2288 670 2377 Ἀλβανὸν
695 2292 843 2360 Μέττιον
874 2293 1086 2379 Φουφέττιον
1110 2291 1142 2357 ἐν

95 2411 205 2476 εοτοίς
233 2399 524 2486 συνομοσαμένοις
550 2395 759 2484 ὑπάρχοντα,
792 2396 892 2479 δόξας
919 2396 1083 2488 συνᾴδειν
1107 2393 1142 2464 τά

134 2503 329 2592 πραχθέντα
347 2501 403 2572 ὑπ’
421 2501 525 2572 αὐτοῦ
542 2518 614 2585 τοῖς
627 2504 854 2592 μηνυομένοις
867 2501 933 2572 ὑπὸ
952 2508 1022 2573 τῶν
1037 2509 1142 2592 αίχμα·

134 2608 252 2678 λύτωυ
282 2607 409 2696 ἀναβάς
436 2612 490 2679 ἐπὶ
521 2608 581 2680 τὸν
611 2613 715 2681 ἵππον
742 2612 798 2680 καὶ
825 2607 904 2691 τοὺς
931 2611 1142 2688 πιστοτάτους

134 2719 202 2783 τῶν
232 2717 373 2804 ἑταίρων
400 2715 605 2804 παραλαβὼν
632 2715 716 2807 πρὸς
742 2716 805 2805 τὴν
832 2716 934 2787 πόλιν
957 2715 1140 2804 ἀφιππεύει·

96 2825 117 2890 5
135 2821 192 2888 καί
213 2819 279 2909 πρὸ
303 2823 415 2908 μέσων
438 2827 572 2892 νυκτῶν
591 2825 627 2892 ἐκ
644 2827 713 2893 τῶν
733 2827 851 2892 οἰκιῶν
871 2819 951 2902 τοὺς
968 2819 1141 2909 βουλευτάς
1191 2891 1192 2902 ,

96 2947 122 2989 25
136 2929 342 3014 συγκαλέσας
367 2929 430 3016 τήν
457 2956 493 2998 τε
519 2933 707 3016 προδοσίαν
738 2927 853 3010 αὐτοῖς
879 2931 968 3016 λέγει
999 2928 1062 3017 τὴν
1089 2930 1140 2997 τοῦ

132 3030 297 3121 Ἀλβανοῦ
325 3034 497 3122 μάρτυρας
525 3034 604 3116 τοὺς
636 3037 867 3124 αίχμαλεότους
897 3035 1139 3125 παρασχόμενος

135 3143 191 3210 καί
210 3137 252 3211 δν
269 3141 398 3231 τρόπον
413 3140 514 3222 αὐτὸς
526 3143 811 3231 κατεστρατήγησε
828 3141 908 3223 τούς
921 3167 956 3210 τε
970 3146 1138 3230 πολεμίους

95 1833 117 1897 4

95 1921 121 1961 15

210 3331 294 3422 1,ίφ’
316 3331 407 3408 ἑαυτῷ
427 3352 450 3391 ο.
470 3335 559 3390 Cobet
578 3335 643 3390 Obs.
662 3353 689 3426 ρ.
710 3342 744 3393 67
796 3408 801 3420 Ι
822 3343 838 3392 2
862 3333 959 3392 *ἀλλὰ
980 3333 1136 3394 ίταινεῖνΟ
1190 3315 1191 3352 ³

139 3408 172 3458 15
192 3402 298 3474 ἕτεροις
320 3406 366 3459 Ba
430 3410 462 3459 18
481 3407 555 3466 τίνες
573 3423 641 3460 ποτε
660 3424 734 3476 ησαν
751 3407 855 3463 Βειείεε
925 3414 957 3464 19
978 3407 1136 3478 φουφέττιον

138 3489 193 3526 om.
211 3475 234 3525 Β
288 3480 322 3528 23
341 3475 397 3528 τῶν
416 3471 520 3545 ἑτέρων
539 3477 582 3530 Βε
636 3480 670 3534 27
688 3473 756 3540 τούς
769 3497 799 3533 τε
813 3479 952 3549 κρυφίους
966 3499 996 3535 π.
1011 3496 1033 3536 υ.
1047 3475 1136 3534 Βσίείιθ
