2404 3918
591 167 758 218 ..Γ-

167 328 271 404 ἔθνος
307 327 354 404 είς
389 320 451 410 τὴν
488 325 527 392 ἐν
562 328 753 414 Φερεντίνῳ
790 323 1010 404 συνελθόντες
1041 322 1149 412 όχορὰν

165 433 375 519 ἐψηφίσαντο
393 429 456 517 τήν
480 456 515 500 τε
534 434 663 499 οἰκείαν
683 428 831 518 δύναμιν
854 432 888 514 ἐξ
906 427 1028 518 ἁπάσης
1042 431 1151 512 πόλεως

166 536 297 624 ἐξάγειν
318 538 375 606 καὶ
398 541 468 607 τῶν
484 535 729 626 πλησιοχώρων
752 539 867 606 ἐθνῶν
885 535 925 607 τὰ
942 537 1086 626 κράτιστα
1102 565 1153 606 πα-

165 652 335 733 ρακαλεῖν,
357 645 416 712 καὶ
437 643 716 734 διεπρεσβεύοντο
738 642 823 734 πρὸς
849 644 1040 735 Τυρρηνούς
1058 671 1088 714 τε
1106 647 1152 714 καλ

127 719 338 847 ἓΣαβίνους
364 749 560 838 αἰτούμενοι
591 757 793 838 συμμαχίαν.
843 756 990 838 Σαβῖνοι
1020 751 1075 839 μὲν
1102 744 1153 820 οὖν

163 857 347 945 ὑπέσχοντο
371 855 501 946 αὐτοῖς,
524 857 661 927 ἐπειδὰν
688 859 839 938 ἐκείνους
866 858 1097 946 ἐμβεβληκότας
1115 863 1152 937 εἰς

163 962 225 1051 τὴν
244 962 417 1053 Ῥωμαίων
441 968 506 1053 γῆν
525 962 730 1050 ἀκούσωσιν,
752 963 982 1051 ἀναλαβόντες
999 966 1052 1034 καὶ
1072 963 1174 1033 minoz)

164 1069 205 1140 τὰ
241 1069 327 1140 ὅπλα
363 1069 426 1157 τὴν
462 1077 607 1159 πλησίον
649 1069 762 1164 αὐτῶν
797 1070 913 1160 χῶραν
950 1071 1151 1159 λεηλατήσειν·

167 1178 338 1269 Τυρρηνοὶ
366 1176 404 1246 δὲ
432 1183 623 1266 συμμαχίαν
653 1176 848 1248 ἀποστελεῖν
879 1175 1104 1266 ὡμολόγησαν,
1122 1171 1152 1264 ἧς

125 1281 209 1354 ιοῶν
232 1283 329 1353 αὐτοὶ
353 1286 537 1371 δεηθῶσιν,
560 1284 621 1372 οὐχ
644 1284 787 1366 ἅπαντες
806 1285 943 1373 ἐπλτῆς
962 1284 1064 1372 αὐτῆς
1081 1285 1149 1371 χενό-

163 1417 260 1478 μενοι
283 1389 430 1478 γυιόμης,
453 1389 537 1459 ιἰλλὰ
560 1393 659 1460 πέντε
676 1391 791 1472 πόλεις
813 1391 916 1480 μόναι
934 1397 1112 1461 Κλουσῖνοί
1121 1417 1144 1458 τε
1177 1423 1178 1450 ι

162 1499 218 1566 καὶ
239 1495 428 1584 Ἀρρητῖνοι
455 1497 511 1566 καλ
535 1495 807 1587 Οὐολατερρανοὶ
824 1495 1048 1568 Ῥουσιλανοί
1067 1523 1090 1566 τε
1103 1495 1138 1563 καὶ

163 1609 211 1671 ἐτι
233 1601 318 1691 πρὸς
340 1603 472 1684 τούτοις
495 1601 777 1674 Οὐετυλωνιᾶται.

251 1712 321 1778 LII.
349 1710 491 1791 Ταύταις
513 1713 716 1800 ἐπαρθέντες
734 1726 807 1792 ταῖς
829 1714 960 1782 ἐλπίσιν
986 1716 1024 1782 οἱ
1039 1721 1153 1782 Λατῖνοι

122 1845 149 1886 τε
162 1816 497 1906 παρασκευασάμενοι
527 1817 675 1906 δύναμιν
708 1823 836 1888 οἰκείαν
868 1817 999 1906 συχνὴν
1031 1821 1086 1889 καὶ
1111 1816 1155 1903 τὴν

161 1923 250 2010 παρὰ
278 1927 465 2013 Τυρρηνῶν
487 1923 738 2013 προσλαβόντες
767 1930 815 2006 είς
836 1923 899 2013 τὴν
917 1924 1092 2014 Ῥωμαίων
1111 1927 1157 2012 γῆν

161 2035 339 2119 ἐνέβαλον,
356 2031 413 2099 καὶ
430 2031 512 2100 κατὰ
530 2029 590 2100 τὸν
609 2029 715 2101 αὐτὸν
733 2031 860 2120 χρόνον
879 2034 915 2100 ἐκ
933 2037 996 2102 τοῦ
1016 2039 1158 2121 Σαβίνων

162 2145 287 2219 ἔθνους
318 2142 357 2208 αί
375 2141 438 2208 τοῦ
465 2139 615 2226 πολέμου
642 2139 866 2225 κοινωνήσειν
899 2138 1016 2220 αὐτοῖς
1037 2137 1180 2227 ὑποσχόι

160 2272 259 2333 μευαι
286 2244 400 2325 πόλεις
425 2243 489 2334 τὴν
518 2245 760 2333 προσόμουρον
778 2250 952 2338 κυροῦσαν
975 2243 1095 2329 αὐταῖς
1113 2244 1159 2334 χό

119 2377 148 2418 ιο
161 2379 226 2439 ραν
258 2350 392 2440 ἐδῄουν.
448 2348 538 2420 δ’δὲ
570 2357 639 2421 τῶν
672 2351 846 2441 Ῥωμαίων
882 2352 1042 2439 βασιλεὺς
1078 2377 1160 2442 παρι-

160 2457 409 2546 σκευασόμενος
430 2459 487 2526 καὶ
508 2456 612 2539 αὐτὸς
634 2461 672 2529 ἐν
698 2465 744 2552 τῷ
768 2459 889 2547 μεταξὺ
912 2460 1026 2554 χρόνῳ
1050 2459 1160 2546 πολλὴν

158 2567 216 2635 καὶ
242 2564 380 2652 ἀγαθὴν
408 2563 557 2653 δύναμιν
584 2567 701 2653 ἐξῆχεν
729 2568 783 2635 ἐπὶ
805 2565 884 2648 τοὺς
910 2573 1094 2656 πολεμίους
1114 2563 1180 2634 διόδ

121 2676 299 2762 2ταχέωυ.
344 2675 510 2759 Σαβίνοις
536 2672 599 2761 μὲν
627 2664 691 2742 οὖν
719 2671 787 2762 ἅμα
814 2674 871 2743 καὶ
893 2680 1057 2756 Λατίνοις
1083 2682 1160 2746 πολε·

159 2797 235 2872 μεῖν
254 2781 311 2851 καὶ
331 2783 476 2867 διαιρεῖν
495 2785 542 2861 είς
562 2779 627 2848 δόο
646 2780 729 2870 μέρη
747 2779 810 2868 τὴν
825 2781 973 2870 δύναμιν
992 2781 1057 2855 οὐκ
1075 2781 1159 2868 ἆσφι·

233 2951 246 2998 1
267 2942 424 3013 φερεντίνῳ
443 2939 467 2996 Β
494 2940 678 3010 φερεντίωΒ
760 2947 775 2996 6
801 2937 1015 3015 είςβεβληκότας
1039 2960 1064 2999 ο.
1089 2939 1158 2996 Cobet

159 3016 225 3073 Var.
245 3015 322 3070 Ιιεοῖ.
341 3030 369 3083 p.
389 3018 442 3068 280
514 3017 530 3067 ’λ
550 3010 599 3066 καλ
616 2995 709 3069 Βουι.
723 3013 749 3066 R
821 3019 837 3068 9
856 3010 1024 3069 όποστέλειν
1042 3015 1089 3072 Ba
1104 3006 1157 3066 α’πο·

158 3093 267 3146 στελεῖν
284 3086 331 3140 Bb
359 3078 540 3140 ἀποστέλλειν
568 3082 594 3137 R
676 3089 708 3138 10
727 3075 761 3152 ἧς
788 3079 825 3139 ἂν
853 3079 936 3139 αὐτοὶ
964 3080 1002 3156 μὴ
1031 3083 1157 3154 δεηθῶσιν

156 3159 270 3227 Βθίελιε,
290 3148 324 3227 ἦς
342 3149 381 3210 ῶν
399 3151 436 3226 μὴ
457 3149 540 3210 αότολ
557 3156 583 3209 δ.
599 3153 690 3210 Cobet
708 3153 772 3211 Ob).
790 3173 822 3243 J).
847 3161 881 3212 ⁷0
897 3158 901 3225 Ι
918 3151 971 3226 οόχ
994 3149 1115 3216 ἅπαντες
1131 3145 1154 3203 δὲ

158 3252 182 3289 ο.
204 3232 307 3288 Portus
380 3234 413 3282 11
432 3224 638 3282 καλουσινολΟ
711 3232 745 3281 12
765 3225 962 3296 ουαλετέρναι·
983 3225 1014 3282 εί
1026 3230 1052 3282 Α
1070 3221 1155 3283 odau-

158 3308 306 3372 τερραῖναι
334 3297 362 3353 ολ
388 3295 426 3367 Β,
459 3313 529 3352 corr.
556 3296 660 3352 Reiske
685 3299 690 3366 Ι
714 3294 877 3422 &valum
898 3295 922 3350 B
956 3292 1154 3368 ᾆουσαλανολό

160 3377 194 3427 13
217 3362 438 3425 οόετυλωνιόται
455 3366 508 3421 AB
595 3373 628 3422 15
651 3363 703 3436 τὴν
768 3385 822 3424 om.
845 3368 872 3422 Β
952 3376 986 3425 17
1010 3363 1153 3441 σαβίνοοέ

160 3449 194 3496 19
213 3438 470 3508 *προσομοροῶεαυ
488 3439 514 3490 Δ
532 3437 785 3510 π<ροσομοροοσαν
803 3439 1005 3514 κορ>οῦσαυΒ
