2396 3918
440 247 605 296 ..A-

39 401 202 474 ὑπἀύτού
224 409 390 494 περὶτῶν
415 403 569 492 διδύμων
592 408 724 473 παίδων
752 403 875 491 λόγους
903 406 1030 490 διεξῆλ·

39 521 91 580 θεν
110 508 202 598 ἠξίου
223 538 258 581 τε
280 516 394 581 πίστιν
417 511 626 600 ποιήσασθαι
648 510 775 600 ταύτην
804 516 873 580 τῶν
896 511 1030 599 λεγομέ-

40 644 108 704 νων,
133 623 163 686 εί
187 623 342 700 τοιοῦτος
369 616 384 688 ‹‘
415 623 475 707 τῆς
498 616 623 698 ὠδῖνος
650 623 742 688 ἔσται
769 617 887 706 γόνος,
915 611 1028 687 οίονὸ

38 724 103 806 θεός
118 723 320 814 ὑφηγήσατο.
347 726 404 794 καὶ
422 723 487 812 γάρ
507 723 593 812 ὁμοῦ
612 751 644 793 τι
662 730 708 817 τῷ
726 731 851 795 τίκτειν
866 723 953 793 εἶναι
966 722 1029 812 τὴν

38 829 133 920 κόρην,
151 831 236 902 ὥστε
253 832 336 920 <ούκ
356 837 424 920 εἰς)
443 831 574 921 μακράν
598 834 815 923 ῥᾳδιουργεῖν
835 831 1056 920 φανήσεταιε

39 942 198 1025 παρεδίδου
233 939 270 1006 δὲ
301 940 357 1008 καλ
388 937 448 1020 τὰς
479 939 714 1025 φυλαττούσας
741 938 803 1027 τὴν
835 938 942 1029 κόρην
973 939 1029 1007 καλ

42 1045 156 1133 ἐλέγχων
181 1043 325 1126 οὐδενὸς
347 1044 520 1133 ἀφίστατο.
560 1050 665 1114 ταῦτα
688 1048 846 1133 λέγοντος
867 1044 972 1116 αὐτοῦ
990 1043 1028 1114 τὸ
1047 1045 1069 1108 4
1185 1123 1186 1148 ρ

11 1150 93 1234 ιεεμλν
108 1155 170 1221 τῶν
195 1154 373 1240 συνέδρων
392 1155 523 1238 πλῆθος
546 1154 715 1240 ἐπείθετο,
736 1151 889 1241 Ἀμόλιος
912 1151 949 1221 δέ
974 1149 1029 1220 ού-

42 1256 85 1325 δλν
107 1256 195 1347 ὑγιὲς
230 1258 395 1346 ἀπέφαινε
426 1264 494 1328 τῶν
522 1258 749 1347 ἀξιουμένων,
782 1257 855 1328 ἀλλ’
881 1262 916 1328 έκ
945 1282 1028 1327 παν-

38 1362 79 1443 τὸς
108 1365 239 1456 ὥρμητο
276 1366 404 1456 τρόπου
440 1365 502 1455 τὴν
544 1365 731 1456 ἄνθρωπον
768 1364 937 1435 ἀπολέσαι.
993 1366 1030 1434 έν
1045 1390 1070 1430 10
1185 1399 1186 1428 I

37 1467 87 1564 όσφ
112 1473 147 1542 δὲ
172 1471 269 1542 ταῦτ’
295 1475 426 1560 ἐγένετο
455 1475 611 1562 παρῆσαν
640 1475 676 1542 oc
700 1471 763 1560 τὴν
793 1470 900 1540 ύδῖνα
923 1498 1029 1560 φρου-

35 1591 91 1664 ρεῖν
114 1583 296 1668 ταχθέντες
323 1577 571 1667 ἀποφαίνοντες
600 1578 727 1668 ἀρρενα
760 1581 869 1668 βρέφη
903 1582 1030 1666 δίδυμα

32 1701 120 1755 τεκεῖν
144 1687 209 1775 τὴν
237 1687 360 1775 κόρην,
390 1688 447 1755 καὶ
480 1685 598 1756 αύτίκα
625 1689 786 1775 Νεμέτωρ
819 1686 881 1776 μέν
915 1688 951 1755 έν
983 1689 1028 1778 τῷ

32 1790 104 1885 αύτῷ
125 1793 232 1875 πολύς
253 1786 299 1882 ἦν
322 1793 412 1886 λόγφ
435 1798 497 1863 τού
520 1798 607 1863 θεοῦ
633 1819 668 1863 τε
692 1792 893 1874 ἀποδεικνύς
915 1792 953 1862 τὸ
978 1798 1029 1883 ἕρ-

31 1925 80 1983 γον
99 1903 152 1970 καὶ
175 1901 287 1990 μηδὲν
310 1906 358 1981 είς
379 1899 441 1988 τὴν
464 1900 571 1988 κόρην
590 1898 745 1970 ἀναίτιον
765 1893 871 1971 οὖσαν
889 1904 950 1970 τού
968 1898 1029 1968 πύ-
1045 1922 1070 1963 ιε
1185 1929 1186 1942 ¹

31 2013 100 2088 θους
116 2021 328 2098 παρανομεῖν
352 2006 468 2090 ἀξιῶν·
489 2005 631 2100 Ἀμολίφ
656 2007 694 2076 δὲ
712 2012 780 2077 τόν
804 2005 1028 2096 ἀνθρωπείων

31 2140 53 2179 τι
72 2114 317 2204 μηχανημάτων
344 2115 401 2182 καὶ
428 2112 466 2183 τὸ
490 2116 565 2203 περὶ
593 2113 654 2184 τόν
680 2113 782 2184 τόκον
806 2114 915 2183 ἐδόκει
932 2115 1029 2200 ’γενέ-

31 2229 95 2290 σθαι
116 2223 459 2313 παρασκευασθέντος
488 2222 604 2310 ἑτέρου
630 2235 703 2302 ταῖς
725 2222 859 2308 γυναιξὶ
881 2223 1031 2308 βρέφους

31 2322 178 2417 ἢκρύφα
217 2332 285 2398 τῶν
321 2327 484 2415 φυλάκων
520 2325 541 2416 ἢ
575 2327 941 2417 συγκακουργούντων,
974 2325 1029 2393 καλ

1049 2401 1071 2467 5

30 2435 117 2504 πολλὰ
135 2441 185 2516 είς
203 2440 304 2505 τούτο
324 2438 454 2523 ἐλέχθη.
498 2432 543 2516 ⁰39
561 2434 599 2503 δὲ
617 2435 678 2524 τὴν
697 2435 838 2523 γνώμην
854 2437 916 2503 '60²3
934 2438 1028 2519 flam·
1043 2490 1070 2530 ιο
1185 2533 1186 2546 ρ

32 2543 96 2622 λε’ως
116 2548 251 2630 ἔμαθον
276 2545 311 2610 οί
332 2541 492 2632 σύνεδροι
511 2540 724 2633 ἀπαραιτήτῳ
740 2544 823 2630 <τῇ>
841 2539 925 2630 ὀργῇ
945 2565 1029 2628 χρω-

32 2650 117 2736 μένην
145 2651 351 2717 ἐδικαίωσαν
382 2649 437 2716 καλ
470 2647 566 2718 αύτοί
597 2648 751 2737 καθάπερ
780 2651 906 2728 ἐκεῖνος
933 2645 1030 2734 ἠξίου

31 2755 206 2842 χρήσασθαι
228 2759 274 2848 τῷ
294 2753 388 2846 νόμφ
407 2754 579 2824 κελεύοντι
598 2753 661 2843 τὴν
679 2755 742 2843 μὲν
762 2754 973 2843 αἰσχύνασαν
991 2752 1029 2822 τὸ

32 2865 108 2949 σῶμα
126 2863 270 2953 βόβδοις
288 2867 501 2931 αίκισθεῖσαν
520 2861 721 2948 ἀποθανεῖν,
744 2860 782 2930 τὸ
805 2861 843 2930 δὲ
861 2861 1030 2949 γεννηθὲν

11 2973 69 3049 θείς
90 2969 127 3040 τὸ
155 2975 219 3040 τού
246 2973 399 3056 ποταμοῦ
423 2969 609 3055 βάλλεσθαι
637 2970 792 3058 ῥεῖθρον·
824 2974 890 3038 νύν
913 2972 1028 3057 μέντοι
1043 2977 1069 3020 ²⁵
1185 3017 1186 3022 ι

87 3243 102 3291 2
120 3233 229 3307 ταύτην
248 3238 270 3291 Β
289 3237 380 3291 ταῦτα
397 3237 423 3292 R
486 3243 556 3292 4-5
576 3236 624 3296 καί
643 3231 698 3306 γάρ
709 3269 741 3276 -
754 3231 914 3306 φανήσεται
933 3251 987 3291 om.
1006 3235 1029 3287 Β

34 3303 104 3362 ὃιόκ
122 3307 166 3381 είς
183 3309 246 3366 αδδ.
266 3308 446 3398 Stephanus}
464 3307 491 3364 εἰ
508 3301 675 3381 ῥᾳδιουργεῖ
690 3325 712 3363 ο.
727 3308 830 3364 Reiske
898 3311 914 3360 9
932 3300 1029 3390 ἀξιου-

33 3375 107 3442 μένων
126 3380 287 3450 Stephanus
306 3379 549 3451 αξιολογουμένων
570 3379 592 3434 0
650 3385 683 3435 12
703 3380 809 3449 δίδυμα
822 3379 888 3448 post
905 3375 1029 3445 κορηνΒ

34 3453 57 3500 15
72 3453 118 3506 τού
133 3447 249 3514 πόθους
269 3467 323 3506 om.
342 3450 365 3504 B
428 3457 461 3506 21
482 3451 515 3522 τῇ
534 3450 597 3506 αδδ.
614 3450 786 3520 Grasberger
799 3449 871 3503 Phil.
884 3445 1029 3500 XXXVIII

33 3533 53 3585 p.
68 3526 114 3577 548
188 3529 220 3577 23
240 3517 403 3593 χρήσασθαι
421 3522 443 3576 Β
462 3523 587 3593 χρῆσθαι
604 3522 630 3576 R
