2396 3918
561 224 727 278 —B—

138 403 194 450 σιν
217 384 270 452 ἐπὶ
292 387 351 470 τῆς
373 381 532 470 ὀξύτητος
553 387 622 452 τῶν
642 381 848 470 ὑπηρεσιῶν,
868 378 962 471 (τοὺς
983 378 1048 468 γάρ
1072 380 1146 448 ἑτολ

138 517 222 578 μους
252 491 309 558 καλ
328 503 448 578 ταχεῖς
479 491 555 578 περὶ
586 489 627 559 τά
659 495 740 579 ἔργα
769 489 906 576 κέλερας
938 491 973 556 οἱ
992 484 1144 573 Ῥωμαῖοι
1195 503 1196 578 ᾖ

136 596 315 686 καλοῦσιν)
339 593 384 676 ὡς
407 595 445 664 δὲ
468 594 654 685 Οὐαλέριος
676 594 694 665 ό
715 594 863 676 Ἀντιεός
885 613 992 682 φησιν
1011 594 1064 662 ἐπὶ
1086 597 1196 690 τοόλῧλ1

98 701 304 790 3ἡγεμόνος
325 699 439 772 αὐτῶν
462 701 552 772 τοῦτ’
580 708 715 791 ἔχοντος
741 698 901 790 τοῦνομα
945 692 1077 789 ἦνγάρ
1100 703 1147 770 καλ
1195 753 1196 792 χ

97 839 111 880 ι
137 809 268 878 τούτων
291 807 426 898 ἡγεμὼν
450 807 469 878 ὑ
489 811 765 897 διαφανέστατος,
784 801 811 902 ςό
829 823 919 896 τρεῖς
940 806 1146 896 ὑπετάγησαν
1195 827 1196 832 ’

139 915 375 1005 ἑκατόνταρχοι
397 916 453 985 καὶ
476 908 580 996 αὖθις
605 913 663 986 ὑπ’
689 918 830 996 ἐκείνοις
859 917 966 1004 ἕτεροι
992 913 1054 996 τάς
1075 911 1147 983 ὑπο
1194 929 1196 1006 j

140 1025 313 1111 δεεστέρας
341 1028 473 1111 ἔχοντες
499 1021 620 1113 άρχάς,
652 1029 689 1091 οδ
713 1021 796 1092 κατά
823 1020 924 1092 πόλιν
951 1021 1016 1109 μὲν
1043 1026 1147 1109 αἰχμα

140 1129 242 1217 φόροι
264 1155 300 1198 τε
323 1129 412 1222 αὐτῷ
436 1129 726 1218 παρηκολούθουν
751 1131 809 1199 καλ
835 1133 905 1198 τῶν
927 1130 1149 1217 κελευομένων

139 1232 315 1325 ὑπηρέται,
342 1233 426 1305 κατὰ
454 1237 492 1305 δὲ
519 1235 578 1316 τὰς
604 1243 777 1336 στρατείας
803 1237 976 1326 πρόμαχοί
1003 1261 1039 1304 τε
1070 1227 1148 1323 ἦσαν

100 1372 126 1412 ιο
139 1344 195 1411 καὶ
218 1347 457 1433 παρασπισταί·
489 1344 545 1411 καλ
571 1343 743 1414 τὰπολλὰ
772 1335 867 1413 οὑτοι
893 1341 1148 1430 κατώρθωτό

139 1462 210 1529 τοῖς
233 1446 339 1536 άγαῑσι
362 1453 493 1538 πρῶτοί
512 1477 547 1519 τε
570 1449 731 1538 ἄρχοντες
758 1449 864 1538 μάχης
890 1451 947 1518 καλ
973 1458 1149 1519 τελευταῖοι

139 1561 208 1625 τῶν
231 1554 346 1625 άλλαυ
367 1553 602 1644 ἀφιστάμενοι,
625 1559 735 1636 ἱππεῖς
762 1555 824 1644 μὲν
853 1562 940 1625 ἔνθα
967 1555 1147 1644 ἐπιτήδειον

141 1672 191 1750 ελη
215 1667 334 1758 πεδίον
358 1666 639 1750 ἐνιππομαχῆσαι,
667 1663 758 1746 πεζοὶ
782 1662 820 1731 δὲ
843 1661 930 1732 ὅπου
956 1661 1082 1752 τραχὺς
1107 1671 1149 1748 εἴη

100 1770 196 1838 4καλ
220 1768 365 1850 ἄνιππος
391 1770 502 1850 τόπος.
546 1768 648 1838 τοῦτό
677 1796 734 1858 μοι
763 1774 858 1840 δοκεῖ
884 1767 975 1856 παρά
998 1773 1150 1838 Λακεδαι-

101 1906 127 1948 ιι
141 1881 272 1963 μονίαιν
301 1879 565 1964 μετενέγκασθαι
593 1875 630 1946 τδ
660 1883 742 1958 ἔθος
771 1876 894 1966 μαθδιν
918 1875 972 1946 ότι
999 1878 1056 1946 καὶ
1078 1873 1149 1964 παρ’

142 1984 282 2063 ἐκείνοις
305 1987 342 2053 ολ
357 1983 591 2071 γενναιότατοι
609 1989 678 2053 τόν
697 1987 787 2054 νέων
805 1983 993 2074 τριακόσιοι
1013 1984 1151 2072 φύλακες

139 2081 229 2176 ἦσαν
251 2092 320 2159 τῶν
343 2093 522 2176 βασιλέων,
547 2085 598 2170 οἷς
620 2093 767 2178 ἐχρῶντο
786 2089 869 2160 κατά
891 2089 971 2171 τοὺς
993 2093 1151 2178 πολέμους
1194 2137 1195 2140 =

141 2211 397 2292 παρασπισταῖς,
421 2201 561 2266 ἱππεῦσί
580 2223 615 2265 τε
639 2190 717 2266 οὖσι
738 2199 795 2267 καλ
818 2204 936 2280 πεζοῖς.

185 2309 188 2316 ’
231 2307 338 2373 ΧΠΙΙ.
375 2304 681 2393 Καταστησάμενος
712 2303 754 2392 δὴ
786 2309 891 2374 ταῦτα
923 2305 1071 2391 διέκρινε
1098 2301 1151 2380 τὰς

102 2441 129 2481 ιο
142 2410 239 2500 τιμάς
260 2412 316 2480 καὶ
338 2407 398 2490 τὰς
420 2413 587 2497 ἐξουσίας,
615 2408 656 2491 ἃς
683 2411 843 2491 ἑκάστους
870 2409 1028 2497 ἐβούλετο
1058 2415 1148 2497 ἔχειν.

141 2525 274 2606 βασιλεῖ
295 2517 357 2605 μὲν
386 2508 449 2586 οὖν
473 2517 611 2607 ἐξῄρητο
637 2515 782 2587 τάδετὰ
805 2519 900 2606 γέρα·
932 2521 1067 2606 πρῶτον
1089 2515 1193 2604 μδνλῦδ

143 2627 244 2712 ἱερῶν
276 2625 332 2692 καὶ
364 2628 499 2692 θυσιῶν
531 2622 717 2712 ἡγεμονίαν
755 2629 844 2711 ἔχειν
880 2625 937 2693 καλ
968 2623 1077 2693 πάντα
1106 2620 1149 2689 δι’
1191 2691 1192 2702 ,

143 2733 275 2798 ἐκείνου
296 2728 504 2817 πράττεσθαι
531 2729 572 2801 τά
595 2730 680 2821 πρὸς
702 2730 783 2811 τοὺς
808 2730 912 2812 θεοὺς
935 2729 1024 2817 ὅσια,
1048 2736 1150 2799 ἔπειτα

142 2836 261 2925 νόμων
290 2862 326 2905 τε
353 2838 409 2905 καὶ
436 2844 587 2924 πατρίων
615 2841 768 2926 ἐθισμῶν
801 2836 958 2926 φυλακὴν
985 2846 1151 2914 ποιεῖσθαι
1190 2913 1191 2918 ¹

103 2969 130 3012 ιε
144 2944 200 3012 καλ
223 2940 349 3023 παντὸς
370 2947 432 3012 τοῦ
454 2942 538 3012 κατά
560 2945 666 3033 φύσιν
689 2941 812 3032 ἢκατδι
831 2944 1006 3032 συνθήκας
1025 2947 1151 3012 δικαίου

142 3064 304 3139 προνοεῖν
332 3057 401 3120 τῶν
428 3078 464 3120 τε
492 3049 708 3141 ἀδικημάτων
738 3050 780 3120 τά
802 3055 941 3139 μέγιστα
968 3050 1031 3139 μὲν
1054 3045 1151 3118 αὑτὸν

215 3235 379 3351 ὑγαλὲριος
396 3281 449 3335 ΑΒ
474 3283 479 3349 Ι
501 3277 607 3344 Ἀντιάς
630 3300 652 3338 ο.
673 3283 763 3338 Cobet
785 3282 851 3338 Oba.
873 3301 900 3352 p.
919 3288 954 3336 43
1027 3273 1151 3336 4αόιῶν

144 3367 198 3406 om.
223 3353 247 3404 A
333 3359 350 3406 6
375 3347 580 3421 ἑκατοντάρχαι
602 3353 625 3408 0
651 3369 722 3409 οοπ.
748 3352 892 3424 Kiessling
978 3347 1083 3408 ’ἱκανά
1099 3344 1151 3416 τὴν

143 3415 227 3477 πόλιν
246 3439 269 3475 ο.
284 3420 440 3475 Ambrosoh
456 3423 461 3489 Ι
477 3419 530 3489 μὲν
548 3439 602 3476 om.
617 3424 640 3476 B
713 3431 729 3479 8
747 3417 930 3493 ἠκολοόθονν
945 3423 969 3477 Β
1040 3429 1056 3478 9
1074 3437 1152 3487 σιρα-

144 3485 248 3550 τιάςΒ
321 3497 355 3546 10
374 3485 501 3545 οὑτωιΒ

1173 3719 1187 3856 λ
