2412 3912
458 222 624 276 -A-
1007 226 1051 290 55

55 379 159 448 πολλοὶ
180 383 239 448 τού
262 384 424 469 δαίμονος
447 381 617 470 ἐπώνυμοι
635 383 692 452 καὶ
710 383 853 472 μάλιστα
878 389 913 454 οί
933 384 1050 455 σκότε·

55 495 100 556 λοι
119 489 171 557 καὶ
187 485 228 557 τά
245 490 407 576 μετέωρα·

128 597 256 663 XXXV.
277 593 398 664 Ἰταλία
417 596 455 665 δὲ
476 594 544 666 ἀνά
567 598 693 686 χρόνον
713 596 900 685 ὠνομάσθη
924 595 970 666 ἐπ’
991 597 1051 668 ἀν-

53 814 147 896 τίοχος
163 809 182 878 ὁ
198 809 433 898 Συρακούσιος
455 809 589 898 ἀγαθὸν
611 813 667 880 καλ
691 809 801 898 σοφὸν
824 814 1077 898 γεγενημένονε

15 924 39 974 ⁸9
53 917 97 982 καλ
116 921 179 984 τών
207 917 451 1007 πλησιοχώρων
478 915 557 998 τούς
587 917 649 1006 μὲν
673 917 789 1005 λόγοις
810 915 1052 1006 ἀναπείθοντα,

54 1020 116 1102 τοὺς
136 1023 172 1091 δὲ
196 1027 256 1114 βίᾳ
278 1024 552 1113 προσαγόμενον,
574 1022 709 1094 ἀπασαν
731 1021 792 1111 ὑφ’
819 1025 926 1116 ἑαυτῷ
954 1025 1050 1112 ποιή-

58 1138 157 1197 σασθαι
188 1129 253 1218 τὴν
284 1135 349 1219 γῆν
380 1130 442 1218 όση
473 1130 568 1212 ἐντὸς
596 1123 640 1219 ἦν
668 1135 736 1201 τών
764 1129 901 1198 κόλπων
927 1136 988 1200 τοῦ
1015 1156 1051 1200 τε

53 1242 236 1323 Ναπητίνου
249 1237 305 1306 καλ
319 1241 380 1306 τού
395 1244 642 1325 Σκυλλητίνου·
656 1233 700 1324 ἣν
715 1234 757 1324 δὴ
771 1236 909 1325 πρώτην
923 1242 1050 1326 κληθῆ-

50 1367 95 1408 ναι
117 1339 261 1412 Ἰταλίαν
289 1346 341 1412 ἐπὶ
364 1348 426 1414 τοῦ
449 1343 587 1414 Ἰταλοῦ.
633 1346 702 1413 ἐπεὶ
727 1343 765 1412 δὲ
787 1342 910 1431 ταύτης
935 1369 1049 1433 καρτε-
1064 1365 1090 1406 ιο

47 1445 95 1533 ρός
114 1452 247 1536 ἐγένετο
275 1451 331 1518 καλ
359 1448 564 1541 ἀνθρώπους
590 1447 737 1531 πολλοὺς
764 1449 852 1538 εἶχεν
880 1448 1051 1538 ὑπηκόους

45 1551 121 1648 αύτῷ
127 1607 137 1642 ,
166 1553 289 1624 αάτίκα
317 1560 386 1626 τών
410 1560 580 1646 ἐχομένων
603 1560 823 1644 ἐπορέγεσθαι
846 1557 901 1625 καὶ
937 1555 1051 1638 πόλεις

45 1663 244 1749 σννάγεσθαι
258 1661 396 1743 πολλός·
420 1662 507 1732 εἶναι
522 1662 554 1732 ‹5’
572 1661 675 1732 αύτὸν
691 1671 867 1752 Οἴνωτρον
885 1661 923 1732 τὸ
943 1667 1049 1751 γένος.

40 1765 223 1851 Ἑλλάνικος
250 1770 288 1838 δὲ
311 1768 329 1839 ὁ
354 1771 498 1858 Λέσβιός
520 1789 626 1858 φησιν
649 1769 814 1861 Ἡρακλέα
837 1769 895 1851 τάς
918 1767 1088 1858 Πηρώ-2

42 1901 97 1944 νον
121 1881 207 1964 βοῦς
236 1874 469 1946 ἀπελαύνοντα
498 1882 545 1957 είς
562 1876 705 1964 Ἄργος,
737 1876 852 1964 ἐπειδή
880 1903 930 1957 τις
958 1875 1047 1970 αύτῷ
1063 1899 1088 1940 15

40 1982 172 2070 όάμαλις
206 1982 454 2073 ἀποσκιρτήσας
488 1988 547 2072 τῆς
578 1982 700 2071 ἀγέλης
731 1987 768 2052 ἐν
803 1982 926 2075 Ἰταλία
958 1984 1047 2054 ἐόντι

40 2087 96 2176 ἤδη
118 2089 260 2178 φεύγων
288 2093 384 2178 διῆρε
406 2089 468 2178 τὴν
492 2089 596 2177 ἀκτὴν
624 2089 763 2160 καὶτὸν
787 2088 909 2177 μεταξύ
933 2094 1048 2176 όιανη

39 2196 171 2283 ξάμενος
204 2195 313 2281 πόρον
344 2201 404 2284 τῆς
429 2197 599 2283 θαλάττης
632 2201 679 2276 είς
706 2201 867 2266 Σικελίαν
900 2197 1047 2284 ἀφίκετο,

40 2304 196 2390 ἐρόμενον
225 2300 276 2371 ἀεὶ
304 2303 383 2383 τοὺς
406 2305 604 2390 ἐπιχωρίους
626 2302 706 2371 καθ’
738 2299 797 2383 ούς
821 2303 975 2372 ἑκάστοτε
998 2308 1047 2388 γί-

9 2417 122 2477 λθνοιτο
148 2406 285 2476 διώκων
308 2408 369 2477 τὸν
391 2409 548 2497 δάμαλιν,
572 2417 606 2477 εί
624 2432 669 2496 πη
692 2432 743 2489 τις
766 2407 870 2477 αύτόν
894 2407 1047 2498 ἑωρακώς
1061 2430 1087 2470 ιο

38 2524 90 2603 τίη,
111 2519 183 2585 τών
207 2518 289 2602 τῇδε
309 2513 503 2605 ἀνθρώπων
521 2513 683 2596 Ἑλλάόος
705 2515 767 2603 μὲν
781 2514 928 2602 γλώττης
950 2513 1047 2600 ὀλίγα

38 2625 238 2708 συνιέντων,
270 2626 310 2710 τῇ
340 2621 377 2690 δὲ
404 2628 531 2715 πατρίῳ
560 2627 659 2712 φωνῇ
687 2621 770 2691 κατὰ
801 2621 860 2701 τάς
887 2621 1047 2709 μηνύσεις

37 2732 87 2797 τοῦ
116 2728 205 2820 ζῴον
231 2727 429 2798 καλούντων
455 2729 516 2799 τὸν
541 2727 686 2816 όάμαλιν
718 2727 912 2815 οὐίτουλον,
936 2726 1046 2816 ὥσπερ
1194 2713 1195 2782 Ῑ

37 2835 82 2902 καὶ
111 2839 180 2904 νῦν
211 2836 356 2921 λέγεται,
385 2837 438 2905 ἐπὶ
460 2839 523 2904 τού
548 2833 635 2928 ζςόου
657 2833 719 2922 τὴν
742 2835 856 2924 χώραν
880 2833 1047 2922 όνομάσαι
1083 2825 1086 2840 ⁵

97 3073 113 3121 9
133 3067 324 3134 Ναοπητίνου
343 3063 366 3120 Ο
386 3067 415 3120 ελ
432 3065 587 3121 Antiochus
611 3063 687 3134 apud
709 3064 875 3120 &rabonem
888 3063 965 3136 VIp
968 3069 1044 3120 ‚255

35 3138 190 3208 Λαμητικοῦ
215 3135 300 3192 Anat.
324 3136 384 3191 Pol.
407 3137 460 3192 VII
483 3143 513 3208 9,
537 3143 552 3191 9
586 3139 749 3206 Λαμητίυον
775 3153 798 3192 ο.
824 3084 965 3192 Cluverus
982 3137 1044 3192 Ital.

36 3158 1044 3333 amp.12901>Juv223122202351113ds0nexsmbonisl.1.mnae

36 3275 107 3366 τορὸς
125 3281 174 3335 Aa
201 3273 461 3364 κ<ρά>τερόςΒέ
463 3299 587 3348 γκρατης
603 3280 651 3333 Ab
730 3285 762 3333 12
786 3272 931 3349 *αύτ<ὦ>
955 3277 1044 3331 καλΒ

35 3344 131 3404 αότίκα
149 3351 175 3404 R
240 3355 272 3404 13
287 3343 495 3436 ύπάγεοθαιο.
515 3351 621 3404 Usener
676 3355 710 3404 14
722 3345 831 3411 τοοςΒ
892 3353 924 3401 17
945 3348 1043 3430 όιῇττι

36 3420 242 3547 οΜεὶἑιιεὶλτο
268 3426 300 3475 19
271 3439 386 3547 Βτους
404 3415 469 3476 ἀνελ
489 3438 511 3476 ο.
527 3421 616 3476 Cobet
631 3420 695 3475 Obs.
710 3438 737 3490 p
752 3426 787 3475 29
842 3424 876 3472 23
896 3416 1044 3472 λτοῦλονΒ

65 3496 97 3544 24
133 3511 153 3546 κ
182 3486 282 3548 Βάπὸ
