2408 3928
459 259 493 270 -
532 233 559 284 r
593 259 626 270 --
985 229 1051 297 ατε

45 386 78 454 δὲ
98 384 140 474 μὴ
162 384 382 457 ὑπακούσωσι
404 389 631 479 προσβάλλειν
660 388 773 461 αὐτῶν
799 389 885 482 πρὸς
912 389 954 460 τά
976 392 1051 481 έρύ-

43 521 130 580 ματα.
173 495 514 584 παρασκευασάμενος
536 496 575 565 δὲ
596 495 636 566 τά
655 495 738 586 πρὸς
759 497 821 568 τδν
844 496 960 585 ἀγῶνα
982 505 1049 587 καί,
1068 497 1090 564 4

43 605 70 668 εί
101 600 212 690 δεήσει
247 607 471 692 τειχομαχίας,
508 601 572 672 ὅσα
607 607 653 697 τῷ
690 603 833 697 τοιούτῳ
869 604 1050 695 πρόσφορα

43 713 120 800 ἔργφ
143 708 437 799 μηχανησάμενος,
465 712 535 780 ἐπεὶ
562 709 624 794 νδξ
652 713 783 799 ἐγένετο
806 712 987 784 καθεύδων
1011 716 1049 784 ἐν

9 818 82 902 εστῇ
111 821 310 906 στρατηγικῇ
339 821 446 907 σκηνῇ
478 817 652 908 παρούσης
683 817 773 914 αύτῷ
800 825 861 909 τῆς
887 826 1075 904 είωθυίαςσ

42 925 185 1011 φυλακῆς
216 923 292 1012 περὶ
328 921 389 993 τὸν
418 923 551 1013 ὄρθρον
582 921 770 1014 εὑρίσκεται
802 928 938 1017 νεκρός,
970 926 1049 999 οὔτε

42 1033 163 1117 σφαγῆς
200 1027 276 1099 ούτε
311 1027 459 1118 ἀγχόνης
496 1030 574 1101 ούτε
610 1032 798 1121 φαρμάκων
835 1031 913 1102 οὔτε
945 1033 1049 1121 άλλης

42 1139 146 1220 βιαίου
160 1141 339 1226 συμφοράς
356 1151 497 1225 σημεῖον
512 1140 566 1207 ἐπὶ
581 1142 644 1208 τού
658 1137 811 1227 σώματος
829 1138 932 1209 οὐδὲν
953 1146 1047 1228 έχων.

124 1245 163 1313 V.
204 1243 412 1331 Παραδόξου
453 1245 492 1314 δὲ
531 1250 594 1315 τού
634 1244 771 1328 πάθους
812 1246 922 1334 ὥσπερ
960 1245 1049 1328 είκδς

47 1346 133 1418 ἀτασι
160 1351 375 1439 φαινομένου
405 1352 463 1420 καὶ
491 1353 694 1440 ζητουμένης
715 1357 784 1443 ’τῆς
814 1357 923 1435 αἰτίας
952 1352 1047 1444 (οόδδ
1062 1375 1089 1416 1⁰

42 1454 95 1546 γάρ
120 1456 228 1526 νόσον
255 1459 539 1546 προηγησαμένην
572 1457 641 1546 εἶχέ
670 1485 720 1540 τις
751 1459 985 1551 αἰτιάσασθαι)
1014 1465 1050 1530 οί

41 1563 93 1649 μὲν
115 1565 168 1633 ἐπὶ
190 1563 254 1652 την
276 1571 378 1634 θείαν
401 1564 567 1655 πρόνοιαν
590 1563 721 1646 ἁπάσας
745 1565 804 1647 τὰς
826 1565 1049 1656 ἀνθρωπίνας

41 1669 257 1760 ἀναφέροντες
296 1671 400 1760 τύχας
438 1669 522 1742 κατδι
562 1671 665 1759 χόλον
708 1673 888 1761 δαιμόνιον
931 1679 1047 1760 ἔλεγον

40 1775 133 1846 αὐτὸν
165 1775 372 1865 ἀποθανεῖν,
406 1775 459 1848 ότι
490 1775 638 1865 πόλεμον
665 1777 822 1859 ἐξέκαυσε
852 1781 893 1868 τῇ
926 1805 1047 1869 μητρο-

39 1883 123 1952 πόλει
153 1882 238 1972 πρὸς
266 1882 329 1972 τὴν
358 1882 535 1954 ἀπόκτισιν
567 1883 644 1952 ούτε
675 1887 808 1954 δίκαιον
839 1884 917 1954 ούτε
944 1884 1046 1973 ἀναγ-
1061 1906 1087 1948 1⁵

39 2004 139 2060 καῖον·
173 1996 209 2061 οί
240 1991 278 2060 δὲ
313 1989 545 2080 χρηματισμὸν
581 1988 766 2078 ἡγούμενοι
801 1991 862 2060 τὸν
897 1991 1046 2079 πόλεμον

39 2099 84 2166 ααδ
111 2099 267 2187 μεγάλων
295 2097 546 2188 ἀπεστερῆσθαι
578 2102 771 2185 νομίζοντες
799 2095 971 2185 ὠφελειῶν
1000 2103 1047 2178 είς

40 2205 212 2293 ἐπιβουλὴν
235 2205 292 2274 καὶ
314 2205 453 2293 φθόνου
477 2202 701 2292 ἀνθρώπινον
723 2202 762 2273 τὸ
787 2209 888 2294 ἔργον
912 2207 1046 2292 μετέφε-

40 2336 92 2394 ρον
114 2309 310 2399 αίτιτόμενοι
337 2314 406 2380 τῶν
434 2308 783 2397 ἀντιπολιτευομένων
810 2307 905 2391 τινὰς
929 2309 1045 2399 ἀφανῆ

40 2419 85 2486 καὶ
107 2419 346 2504 δυσεξέλεγκτα
364 2415 563 2503 ἐξευρόντας
580 2415 741 2504 φάρμακα
760 2415 816 2486 δεδι
836 2416 967 2487 τούτων
984 2416 1046 2486 τὸν
1058 2435 1086 2478 2⁰

41 2522 139 2614 ἀνδρα
155 2524 376 2615 ἀνῃρηκέναι·
406 2526 440 2593 οί
460 2523 497 2592 δὲ
518 2520 583 2592 ὑπὸ
602 2522 710 2610 λύπης
727 2549 762 2592 τε
780 2524 836 2591 καὶ
859 2519 1046 2611 ἀμηχανίας
1064 2528 1085 2591 2

40 2634 259 2722 κρατούμενον
287 2633 431 2724 ἑκουσίῳ
459 2630 651 2719 χρήσασθαι
677 2635 813 2719 τελευτῇ
837 2628 942 2700 αύτδν
966 2636 1045 2718 ἔφα-

14 2757 112 2827 λεσαν,
148 2738 265 2828 ἐπειδὴ
296 2738 407 2808 πάντα
443 2737 568 2826 χαλεπὰ
603 2737 660 2805 καὶ
696 2735 806 2826 άπορα
843 2738 1045 2824 συνέβαινεν

41 2843 117 2938 αύτῷ
149 2847 207 2916 καὶ
240 2843 342 2915 οὐδὲν
375 2844 493 2934 έχάρει
524 2843 607 2915 κατὰ
631 2847 725 2912 νοῦν
753 2846 821 2912 τῶν
849 2845 887 2912 έν
917 2841 1042 2933 ἀρχαῖς,

42 2947 85 3019 ὅτε
107 2957 152 3034 είς
173 2951 216 3022 τδι
238 2953 416 3042 πράγματα
439 2951 553 3042 εἰσῄει,
576 2952 897 3038 προσδοκηθέντων·
919 2964 990 3031 τοῖς
1010 2948 1040 3019 δ’
1058 2959 1084 3002 2⁵

43 3057 121 3140 ἐκτὸς
143 3051 221 3128 οὖσι
244 3064 360 3145 φιλίας
377 3084 412 3127 τε
431 3059 487 3126 καὶ
507 3063 630 3147 ἔχθρας
648 3060 707 3144 τῆς
724 3053 808 3144 πρὸς
826 3054 887 3126 τὸν
906 3075 1045 3147 στρατη-

102 3296 134 3346 10
161 3287 227 3346 οὔτε
256 3289 279 3346 Ο
313 3283 382 3346 ούδδ
414 3288 517 3345 Reiske
617 3292 650 3342 11
678 3287 729 3358 τῆς
759 3283 972 3360 αἰτίαςΙΗάσθαι
998 3289 1046 3344 Ba

46 3363 71 3412 15
86 3356 239 3431 ἀπόκτησιν
252 3362 276 3416 Β
349 3367 384 3417 20
403 3359 589 3428 δυσεξέλεκτα
602 3359 678 3414 ABa
693 3361 698 3427 Ι
715 3354 920 3430 έξευρόνταςΒ
945 3354 1044 3429 εύρόν-

45 3433 122 3492 ταςΙδ
197 3438 233 3489 22
255 3428 453 3504 κρατούμενον
476 3431 530 3486 δελ.
554 3430 644 3488 Cobet
666 3429 769 3484 Mnem.
793 3428 833 3484 IX
854 3446 887 3517 ρ.
907 3435 959 3484 319
988 3431 1044 3484 def.

46 3496 168 3575 Kiessling
186 3504 232 3560 Pr.
251 3505 315 3560 Βεε.
334 3523 361 3575 p.
383 3509 425 3573 10,
445 3503 541 3574 Tegge
563 3519 591 3572 p.
611 3506 646 3556 34
664 3502 723 3556 not.
796 3505 830 3554 23
849 3519 965 3554 απαντα
984 3499 1011 3556 0

827 3586 880 3641 18*
